%YAML 1.1
%TAG !u! tag:unity3d.com,2011:
--- !u!1001 &100100000
Prefab:
  m_ObjectHideFlags: 1
  serializedVersion: 2
  m_Modification:
    m_TransformParent: {fileID: 0}
    m_Modifications: []
    m_RemovedComponents: []
  m_ParentPrefab: {fileID: 0}
  m_RootGameObject: {fileID: 1219381911411698}
  m_IsPrefabParent: 1
--- !u!1 &1047401899537322
GameObject:
  m_ObjectHideFlags: 1
  m_PrefabParentObject: {fileID: 0}
  m_PrefabInternal: {fileID: 100100000}
  serializedVersion: 5
  m_Component:
  - component: {fileID: 224180666372775182}
  - component: {fileID: 222202738513976706}
  - component: {fileID: 114728094642274012}
  m_Layer: 0
  m_Name: Right
  m_TagString: Untagged
  m_Icon: {fileID: 0}
  m_NavMeshLayer: 0
  m_StaticEditorFlags: 0
  m_IsActive: 1
--- !u!1 &1116875446223532
GameObject:
  m_ObjectHideFlags: 1
  m_PrefabParentObject: {fileID: 0}
  m_PrefabInternal: {fileID: 100100000}
  serializedVersion: 5
  m_Component:
  - component: {fileID: 224139806629794880}
  - component: {fileID: 223113110906323384}
  - component: {fileID: 114839187932917904}
  - component: {fileID: 114702743757562018}
  - component: {fileID: 225527369028922672}
  m_Layer: 5
  m_Name: Canvas
  m_TagString: Untagged
  m_Icon: {fileID: 0}
  m_NavMeshLayer: 0
  m_StaticEditorFlags: 0
  m_IsActive: 1
--- !u!1 &1126153295584518
GameObject:
  m_ObjectHideFlags: 0
  m_PrefabParentObject: {fileID: 0}
  m_PrefabInternal: {fileID: 100100000}
  serializedVersion: 5
  m_Component:
  - component: {fileID: 4254728003551190}
  - component: {fileID: 114395740917076206}
  m_Layer: 0
  m_Name: Annaliese
  m_TagString: Untagged
  m_Icon: {fileID: 0}
  m_NavMeshLayer: 0
  m_StaticEditorFlags: 0
  m_IsActive: 1
--- !u!1 &1154848510220528
GameObject:
  m_ObjectHideFlags: 0
  m_PrefabParentObject: {fileID: 0}
  m_PrefabInternal: {fileID: 100100000}
  serializedVersion: 5
  m_Component:
  - component: {fileID: 4834454105663604}
  - component: {fileID: 114280542157087970}
  - component: {fileID: 114400634433627934}
  - component: {fileID: 114822953681387564}
  - component: {fileID: 114313000845794804}
  - component: {fileID: 114915603670292624}
  - component: {fileID: 114249719654573298}
  - component: {fileID: 114399687918710012}
  - component: {fileID: 114759938574653062}
  - component: {fileID: 114518508292012526}
  - component: {fileID: 114374307197918412}
  - component: {fileID: 114785061123513684}
  - component: {fileID: 114401947138723566}
  - component: {fileID: 114854828092861824}
  - component: {fileID: 114573872492819106}
  - component: {fileID: 114049307040793034}
  - component: {fileID: 114491324796675532}
  - component: {fileID: 114004219905741570}
  - component: {fileID: 114791907907705562}
  - component: {fileID: 114268623654563062}
  - component: {fileID: 114054242601456332}
  - component: {fileID: 114528540755708836}
  - component: {fileID: 114300281672416846}
  - component: {fileID: 114437001694224412}
  - component: {fileID: 114704628504963464}
  - component: {fileID: 114581599592514932}
  - component: {fileID: 114116300483203916}
  - component: {fileID: 114476319386631598}
  - component: {fileID: 114170093606264940}
  - component: {fileID: 114495571943085828}
  - component: {fileID: 114824742885986470}
  - component: {fileID: 114244643500376536}
  - component: {fileID: 114957856718974824}
  - component: {fileID: 114932656769019432}
  - component: {fileID: 114842179120277628}
  - component: {fileID: 114645319585122098}
  - component: {fileID: 114679860227118150}
  - component: {fileID: 114578524923144560}
  - component: {fileID: 114602322593276140}
  - component: {fileID: 114621347415910048}
  - component: {fileID: 114905227112829748}
  - component: {fileID: 114270360963215152}
  - component: {fileID: 114238343004971344}
  - component: {fileID: 114307495890488934}
  - component: {fileID: 114165520604934532}
  - component: {fileID: 114615478209945216}
  - component: {fileID: 114466233306695578}
  - component: {fileID: 114632438860886380}
  - component: {fileID: 114837628358203182}
  - component: {fileID: 114026130196911960}
  - component: {fileID: 114751683973033564}
  - component: {fileID: 114639746749623302}
  - component: {fileID: 114973082713431114}
  - component: {fileID: 114219464128760002}
  - component: {fileID: 114194076580048280}
  - component: {fileID: 114985338982491636}
  - component: {fileID: 114488988340382050}
  - component: {fileID: 114030693415175022}
  - component: {fileID: 114758912944580096}
  - component: {fileID: 114484870358544796}
  - component: {fileID: 114048414528033226}
  - component: {fileID: 114120452158255822}
  - component: {fileID: 114244162517713860}
  - component: {fileID: 114431362111059816}
  - component: {fileID: 114240241838802308}
  - component: {fileID: 114454600083320744}
  - component: {fileID: 114122405762236282}
  - component: {fileID: 114728227749499964}
  - component: {fileID: 114425137676131836}
  - component: {fileID: 114814595018187384}
  - component: {fileID: 114027947985323640}
  - component: {fileID: 114942262187491120}
  m_Layer: 0
  m_Name: Flowchart
  m_TagString: Untagged
  m_Icon: {fileID: 0}
  m_NavMeshLayer: 0
  m_StaticEditorFlags: 0
  m_IsActive: 1
--- !u!1 &1169858966124544
GameObject:
  m_ObjectHideFlags: 0
  m_PrefabParentObject: {fileID: 0}
  m_PrefabInternal: {fileID: 100100000}
  serializedVersion: 5
  m_Component:
  - component: {fileID: 4212875040023544}
  - component: {fileID: 114129120836519910}
  m_Layer: 0
  m_Name: Emir
  m_TagString: Untagged
  m_Icon: {fileID: 0}
  m_NavMeshLayer: 0
  m_StaticEditorFlags: 0
  m_IsActive: 1
--- !u!1 &1190943203799082
GameObject:
  m_ObjectHideFlags: 1
  m_PrefabParentObject: {fileID: 0}
  m_PrefabInternal: {fileID: 100100000}
  serializedVersion: 5
  m_Component:
  - component: {fileID: 224945631074800538}
  - component: {fileID: 222180546775966822}
  - component: {fileID: 114688646475191108}
  m_Layer: 0
  m_Name: Offscreen Right
  m_TagString: Untagged
  m_Icon: {fileID: 0}
  m_NavMeshLayer: 0
  m_StaticEditorFlags: 0
  m_IsActive: 1
--- !u!1 &1219381911411698
GameObject:
  m_ObjectHideFlags: 0
  m_PrefabParentObject: {fileID: 0}
  m_PrefabInternal: {fileID: 100100000}
  serializedVersion: 5
  m_Component:
  - component: {fileID: 4714564642119386}
  m_Layer: 0
  m_Name: FUNGUS NARRATIVECYclestone
  m_TagString: Untagged
  m_Icon: {fileID: 0}
  m_NavMeshLayer: 0
  m_StaticEditorFlags: 0
  m_IsActive: 1
--- !u!1 &1269903336146752
GameObject:
  m_ObjectHideFlags: 1
  m_PrefabParentObject: {fileID: 0}
  m_PrefabInternal: {fileID: 100100000}
  serializedVersion: 5
  m_Component:
  - component: {fileID: 224271179436991090}
  - component: {fileID: 222081412258548414}
  - component: {fileID: 114024496731501578}
  m_Layer: 0
  m_Name: Middle
  m_TagString: Untagged
  m_Icon: {fileID: 0}
  m_NavMeshLayer: 0
  m_StaticEditorFlags: 0
  m_IsActive: 1
--- !u!1 &1343113631309800
GameObject:
  m_ObjectHideFlags: 1
  m_PrefabParentObject: {fileID: 0}
  m_PrefabInternal: {fileID: 100100000}
  serializedVersion: 5
  m_Component:
  - component: {fileID: 224383776239912866}
  - component: {fileID: 222929285990628970}
  - component: {fileID: 114006850435363238}
  m_Layer: 0
  m_Name: Offscreen Right
  m_TagString: Untagged
  m_Icon: {fileID: 0}
  m_NavMeshLayer: 0
  m_StaticEditorFlags: 0
  m_IsActive: 1
--- !u!1 &1505218254452618
GameObject:
  m_ObjectHideFlags: 1
  m_PrefabParentObject: {fileID: 0}
  m_PrefabInternal: {fileID: 100100000}
  serializedVersion: 5
  m_Component:
  - component: {fileID: 224362739564945104}
  - component: {fileID: 222686843965769422}
  - component: {fileID: 114412742463208718}
  m_Layer: 0
  m_Name: Left
  m_TagString: Untagged
  m_Icon: {fileID: 0}
  m_NavMeshLayer: 0
  m_StaticEditorFlags: 0
  m_IsActive: 1
--- !u!1 &1589352622036462
GameObject:
  m_ObjectHideFlags: 1
  m_PrefabParentObject: {fileID: 0}
  m_PrefabInternal: {fileID: 100100000}
  serializedVersion: 5
  m_Component:
  - component: {fileID: 224114915434575986}
  - component: {fileID: 222995180933691728}
  - component: {fileID: 114555838977304814}
  m_Layer: 0
  m_Name: Offscreen Left
  m_TagString: Untagged
  m_Icon: {fileID: 0}
  m_NavMeshLayer: 0
  m_StaticEditorFlags: 0
  m_IsActive: 1
--- !u!1 &1628696165092408
GameObject:
  m_ObjectHideFlags: 1
  m_PrefabParentObject: {fileID: 0}
  m_PrefabInternal: {fileID: 100100000}
  serializedVersion: 5
  m_Component:
  - component: {fileID: 224928142606767790}
  - component: {fileID: 223164048848813764}
  - component: {fileID: 114040074608729554}
  - component: {fileID: 114890311714184178}
  - component: {fileID: 225515058845351956}
  m_Layer: 5
  m_Name: Canvas
  m_TagString: Untagged
  m_Icon: {fileID: 0}
  m_NavMeshLayer: 0
  m_StaticEditorFlags: 0
  m_IsActive: 1
--- !u!1 &1786013676178194
GameObject:
  m_ObjectHideFlags: 0
  m_PrefabParentObject: {fileID: 0}
  m_PrefabInternal: {fileID: 100100000}
  serializedVersion: 5
  m_Component:
  - component: {fileID: 4703341864253028}
  - component: {fileID: 114625178125496916}
  m_Layer: 0
  m_Name: Naath
  m_TagString: Untagged
  m_Icon: {fileID: 0}
  m_NavMeshLayer: 0
  m_StaticEditorFlags: 0
  m_IsActive: 1
--- !u!1 &1865532660779014
GameObject:
  m_ObjectHideFlags: 1
  m_PrefabParentObject: {fileID: 0}
  m_PrefabInternal: {fileID: 100100000}
  serializedVersion: 5
  m_Component:
  - component: {fileID: 224214330329517612}
  - component: {fileID: 222836006589982134}
  - component: {fileID: 114423386110101386}
  m_Layer: 0
  m_Name: Right
  m_TagString: Untagged
  m_Icon: {fileID: 0}
  m_NavMeshLayer: 0
  m_StaticEditorFlags: 0
  m_IsActive: 1
--- !u!1 &1878987762116540
GameObject:
  m_ObjectHideFlags: 1
  m_PrefabParentObject: {fileID: 0}
  m_PrefabInternal: {fileID: 100100000}
  serializedVersion: 5
  m_Component:
  - component: {fileID: 224565897285312506}
  - component: {fileID: 222972504280351936}
  - component: {fileID: 114652368281638782}
  m_Layer: 0
  m_Name: Middle
  m_TagString: Untagged
  m_Icon: {fileID: 0}
  m_NavMeshLayer: 0
  m_StaticEditorFlags: 0
  m_IsActive: 1
--- !u!1 &1952091591055062
GameObject:
  m_ObjectHideFlags: 1
  m_PrefabParentObject: {fileID: 0}
  m_PrefabInternal: {fileID: 100100000}
  serializedVersion: 5
  m_Component:
  - component: {fileID: 224113491114591774}
  - component: {fileID: 222873025283067288}
  - component: {fileID: 114337254264537098}
  m_Layer: 0
  m_Name: Left
  m_TagString: Untagged
  m_Icon: {fileID: 0}
  m_NavMeshLayer: 0
  m_StaticEditorFlags: 0
  m_IsActive: 1
--- !u!1 &1958722946931332
GameObject:
  m_ObjectHideFlags: 0
  m_PrefabParentObject: {fileID: 0}
  m_PrefabInternal: {fileID: 100100000}
  serializedVersion: 5
  m_Component:
  - component: {fileID: 4137948993189836}
  - component: {fileID: 114122947839485298}
  m_Layer: 0
  m_Name: Stage
  m_TagString: Untagged
  m_Icon: {fileID: 0}
  m_NavMeshLayer: 0
  m_StaticEditorFlags: 0
  m_IsActive: 1
--- !u!1 &1965596122496582
GameObject:
  m_ObjectHideFlags: 1
  m_PrefabParentObject: {fileID: 0}
  m_PrefabInternal: {fileID: 100100000}
  serializedVersion: 5
  m_Component:
  - component: {fileID: 224456220440288002}
  - component: {fileID: 222780630636828712}
  - component: {fileID: 114718375306238622}
  m_Layer: 0
  m_Name: Offscreen Left
  m_TagString: Untagged
  m_Icon: {fileID: 0}
  m_NavMeshLayer: 0
  m_StaticEditorFlags: 0
  m_IsActive: 1
--- !u!4 &4137948993189836
Transform:
  m_ObjectHideFlags: 1
  m_PrefabParentObject: {fileID: 0}
  m_PrefabInternal: {fileID: 100100000}
  m_GameObject: {fileID: 1958722946931332}
  m_LocalRotation: {x: -0, y: -0, z: -0, w: 1}
  m_LocalPosition: {x: -87.20798, y: 12.349304, z: -24.392344}
  m_LocalScale: {x: 1, y: 1, z: 1}
  m_Children:
  - {fileID: 224139806629794880}
  - {fileID: 224928142606767790}
  m_Father: {fileID: 4714564642119386}
  m_RootOrder: 1
  m_LocalEulerAnglesHint: {x: 0, y: 0, z: 0}
--- !u!4 &4212875040023544
Transform:
  m_ObjectHideFlags: 1
  m_PrefabParentObject: {fileID: 0}
  m_PrefabInternal: {fileID: 100100000}
  m_GameObject: {fileID: 1169858966124544}
  m_LocalRotation: {x: -0, y: -0, z: -0, w: 1}
  m_LocalPosition: {x: -87.20798, y: 12.349304, z: -24.392344}
  m_LocalScale: {x: 1, y: 1, z: 1}
  m_Children: []
  m_Father: {fileID: 4714564642119386}
  m_RootOrder: 4
  m_LocalEulerAnglesHint: {x: 0, y: 0, z: 0}
--- !u!4 &4254728003551190
Transform:
  m_ObjectHideFlags: 1
  m_PrefabParentObject: {fileID: 0}
  m_PrefabInternal: {fileID: 100100000}
  m_GameObject: {fileID: 1126153295584518}
  m_LocalRotation: {x: -0, y: -0, z: -0, w: 1}
  m_LocalPosition: {x: -87.20798, y: 12.349304, z: -24.392344}
  m_LocalScale: {x: 1, y: 1, z: 1}
  m_Children: []
  m_Father: {fileID: 4714564642119386}
  m_RootOrder: 2
  m_LocalEulerAnglesHint: {x: 0, y: 0, z: 0}
--- !u!4 &4703341864253028
Transform:
  m_ObjectHideFlags: 1
  m_PrefabParentObject: {fileID: 0}
  m_PrefabInternal: {fileID: 100100000}
  m_GameObject: {fileID: 1786013676178194}
  m_LocalRotation: {x: -0, y: -0, z: -0, w: 1}
  m_LocalPosition: {x: -87.20798, y: 12.349304, z: -24.392344}
  m_LocalScale: {x: 1, y: 1, z: 1}
  m_Children: []
  m_Father: {fileID: 4714564642119386}
  m_RootOrder: 3
  m_LocalEulerAnglesHint: {x: 0, y: 0, z: 0}
--- !u!4 &4714564642119386
Transform:
  m_ObjectHideFlags: 1
  m_PrefabParentObject: {fileID: 0}
  m_PrefabInternal: {fileID: 100100000}
  m_GameObject: {fileID: 1219381911411698}
  m_LocalRotation: {x: 0, y: 0, z: 0, w: 1}
  m_LocalPosition: {x: 87.20798, y: -12.349304, z: 24.392344}
  m_LocalScale: {x: 1, y: 1, z: 1}
  m_Children:
  - {fileID: 4834454105663604}
  - {fileID: 4137948993189836}
  - {fileID: 4254728003551190}
  - {fileID: 4703341864253028}
  - {fileID: 4212875040023544}
  m_Father: {fileID: 0}
  m_RootOrder: 0
  m_LocalEulerAnglesHint: {x: 0, y: 0, z: 0}
--- !u!4 &4834454105663604
Transform:
  m_ObjectHideFlags: 1
  m_PrefabParentObject: {fileID: 0}
  m_PrefabInternal: {fileID: 100100000}
  m_GameObject: {fileID: 1154848510220528}
  m_LocalRotation: {x: -0, y: -0, z: -0, w: 1}
  m_LocalPosition: {x: -87.20798, y: 12.349304, z: -24.392344}
  m_LocalScale: {x: 1, y: 1, z: 1}
  m_Children: []
  m_Father: {fileID: 4714564642119386}
  m_RootOrder: 0
  m_LocalEulerAnglesHint: {x: 0, y: 0, z: 0}
--- !u!114 &114004219905741570
MonoBehaviour:
  m_ObjectHideFlags: 1
  m_PrefabParentObject: {fileID: 0}
  m_PrefabInternal: {fileID: 100100000}
  m_GameObject: {fileID: 1154848510220528}
  m_Enabled: 1
  m_EditorHideFlags: 0
  m_Script: {fileID: 11500000, guid: 439aa5a6bf228524aaae981e0a51df72, type: 3}
  m_Name: 
  m_EditorClassIdentifier: 
  flowChart: {fileID: 0}
--- !u!114 &114006850435363238
MonoBehaviour:
  m_ObjectHideFlags: 1
  m_PrefabParentObject: {fileID: 0}
  m_PrefabInternal: {fileID: 100100000}
  m_GameObject: {fileID: 1343113631309800}
  m_Enabled: 1
  m_EditorHideFlags: 0
  m_Script: {fileID: -765806418, guid: f5f67c52d1564df4a8936ccd202a3bd8, type: 3}
  m_Name: 
  m_EditorClassIdentifier: 
  m_Material: {fileID: 0}
  m_Color: {r: 1, g: 1, b: 1, a: 0}
  m_RaycastTarget: 1
  m_OnCullStateChanged:
    m_PersistentCalls:
      m_Calls: []
    m_TypeName: UnityEngine.UI.MaskableGraphic+CullStateChangedEvent, UnityEngine.UI,
      Version=1.0.0.0, Culture=neutral, PublicKeyToken=null
  m_Sprite: {fileID: 21300000, guid: ea8f56c43254d41728f5ac4e8299b6c9, type: 3}
  m_Type: 0
  m_PreserveAspect: 1
  m_FillCenter: 1
  m_FillMethod: 4
  m_FillAmount: 1
  m_FillClockwise: 1
  m_FillOrigin: 0
--- !u!114 &114024496731501578
MonoBehaviour:
  m_ObjectHideFlags: 1
  m_PrefabParentObject: {fileID: 0}
  m_PrefabInternal: {fileID: 100100000}
  m_GameObject: {fileID: 1269903336146752}
  m_Enabled: 1
  m_EditorHideFlags: 0
  m_Script: {fileID: -765806418, guid: f5f67c52d1564df4a8936ccd202a3bd8, type: 3}
  m_Name: 
  m_EditorClassIdentifier: 
  m_Material: {fileID: 0}
  m_Color: {r: 1, g: 1, b: 1, a: 0}
  m_RaycastTarget: 1
  m_OnCullStateChanged:
    m_PersistentCalls:
      m_Calls: []
    m_TypeName: UnityEngine.UI.MaskableGraphic+CullStateChangedEvent, UnityEngine.UI,
      Version=1.0.0.0, Culture=neutral, PublicKeyToken=null
  m_Sprite: {fileID: 21300000, guid: ea8f56c43254d41728f5ac4e8299b6c9, type: 3}
  m_Type: 0
  m_PreserveAspect: 1
  m_FillCenter: 1
  m_FillMethod: 4
  m_FillAmount: 1
  m_FillClockwise: 1
  m_FillOrigin: 0
--- !u!114 &114026130196911960
MonoBehaviour:
  m_ObjectHideFlags: 1
  m_PrefabParentObject: {fileID: 0}
  m_PrefabInternal: {fileID: 100100000}
  m_GameObject: {fileID: 1154848510220528}
  m_Enabled: 1
  m_EditorHideFlags: 0
  m_Script: {fileID: 11500000, guid: ea4da378c47144a86979765ac5e9690c, type: 3}
  m_Name: 
  m_EditorClassIdentifier: 
  itemId: 45
  indentLevel: 0
  key: skip
--- !u!114 &114027947985323640
MonoBehaviour:
  m_ObjectHideFlags: 1
  m_PrefabParentObject: {fileID: 0}
  m_PrefabInternal: {fileID: 100100000}
  m_GameObject: {fileID: 1154848510220528}
  m_Enabled: 1
  m_EditorHideFlags: 0
  m_Script: {fileID: 11500000, guid: ae9ac2fcbd1d542619ab0bc7549fb264, type: 3}
  m_Name: 
  m_EditorClassIdentifier: 
  itemId: 66
  indentLevel: 1
  _targetLabel:
    stringRef: {fileID: 0}
    stringVal: skip
  targetLabelOLD: {fileID: 0}
--- !u!114 &114030693415175022
MonoBehaviour:
  m_ObjectHideFlags: 1
  m_PrefabParentObject: {fileID: 0}
  m_PrefabInternal: {fileID: 100100000}
  m_GameObject: {fileID: 1154848510220528}
  m_Enabled: 1
  m_EditorHideFlags: 0
  m_Script: {fileID: 11500000, guid: 70c5622b8a80845c980954170295f292, type: 3}
  m_Name: 
  m_EditorClassIdentifier: 
  itemId: 53
  indentLevel: 0
  compareOperator: 0
  variable: {fileID: 114602322593276140}
  booleanData:
    booleanRef: {fileID: 0}
    booleanVal: 1
  integerData:
    integerRef: {fileID: 0}
    integerVal: 0
  floatData:
    floatRef: {fileID: 0}
    floatVal: 0
  stringData:
    stringRef: {fileID: 0}
    stringVal: 
--- !u!114 &114040074608729554
MonoBehaviour:
  m_ObjectHideFlags: 1
  m_PrefabParentObject: {fileID: 0}
  m_PrefabInternal: {fileID: 100100000}
  m_GameObject: {fileID: 1628696165092408}
  m_Enabled: 1
  m_EditorHideFlags: 0
  m_Script: {fileID: 1301386320, guid: f5f67c52d1564df4a8936ccd202a3bd8, type: 3}
  m_Name: 
  m_EditorClassIdentifier: 
  m_IgnoreReversedGraphics: 1
  m_BlockingObjects: 0
  m_BlockingMask:
    serializedVersion: 2
    m_Bits: 4294967295
--- !u!114 &114048414528033226
MonoBehaviour:
  m_ObjectHideFlags: 1
  m_PrefabParentObject: {fileID: 0}
  m_PrefabInternal: {fileID: 100100000}
  m_GameObject: {fileID: 1154848510220528}
  m_Enabled: 1
  m_EditorHideFlags: 0
  m_Script: {fileID: 11500000, guid: 70c5622b8a80845c980954170295f292, type: 3}
  m_Name: 
  m_EditorClassIdentifier: 
  itemId: 56
  indentLevel: 0
  compareOperator: 0
  variable: {fileID: 114602322593276140}
  booleanData:
    booleanRef: {fileID: 0}
    booleanVal: 1
  integerData:
    integerRef: {fileID: 0}
    integerVal: 0
  floatData:
    floatRef: {fileID: 0}
    floatVal: 0
  stringData:
    stringRef: {fileID: 0}
    stringVal: 
--- !u!114 &114049307040793034
MonoBehaviour:
  m_ObjectHideFlags: 1
  m_PrefabParentObject: {fileID: 0}
  m_PrefabInternal: {fileID: 100100000}
  m_GameObject: {fileID: 1154848510220528}
  m_Enabled: 1
  m_EditorHideFlags: 0
  m_Script: {fileID: 11500000, guid: 17a200dbd67304446a3019434503338a, type: 3}
  m_Name: 
  m_EditorClassIdentifier: 
  itemId: 13
  indentLevel: 0
  targetObject: {fileID: 0}
  methodName: EnableInputLock
  delay: 0
--- !u!114 &114054242601456332
MonoBehaviour:
  m_ObjectHideFlags: 1
  m_PrefabParentObject: {fileID: 0}
  m_PrefabInternal: {fileID: 100100000}
  m_GameObject: {fileID: 1154848510220528}
  m_Enabled: 1
  m_EditorHideFlags: 0
  m_Script: {fileID: 11500000, guid: 3ac5ce55bc698fa4290939ef6e426501, type: 3}
  m_Name: 
  m_EditorClassIdentifier: 
  itemId: 17
  indentLevel: 0
  display: 1
  stage: {fileID: 0}
  character: {fileID: 114395740917076206}
  replacedCharacter: {fileID: 0}
  portrait: {fileID: 21300000, guid: 1c50a42078f25ec4c9f8cc562f9e1042, type: 3}
  offset: 0
  fromPosition: {fileID: 0}
  toPosition: {fileID: 224383776239912866}
  facing: 0
  useDefaultSettings: 1
  fadeDuration: 0.5
  moveDuration: 1
  shiftOffset: {x: 0, y: 0}
  move: 0
  shiftIntoPlace: 0
  waitUntilFinished: 0
--- !u!114 &114116300483203916
MonoBehaviour:
  m_ObjectHideFlags: 1
  m_PrefabParentObject: {fileID: 0}
  m_PrefabInternal: {fileID: 100100000}
  m_GameObject: {fileID: 1154848510220528}
  m_Enabled: 1
  m_EditorHideFlags: 0
  m_Script: {fileID: 11500000, guid: ec422cd568a9c4a31ad7c36d0572b9da, type: 3}
  m_Name: 
  m_EditorClassIdentifier: 
  itemId: 23
  indentLevel: 0
  storyText: Why are you here, Emir? Emir!
  description: 
  character: {fileID: 114395740917076206}
  portrait: {fileID: 0}
  voiceOverClip: {fileID: 0}
  showAlways: 1
  showCount: 1
  extendPrevious: 0
  fadeWhenDone: 1
  waitForClick: 1
  stopVoiceover: 1
  setSayDialog: {fileID: 0}
--- !u!114 &114120452158255822
MonoBehaviour:
  m_ObjectHideFlags: 1
  m_PrefabParentObject: {fileID: 0}
  m_PrefabInternal: {fileID: 100100000}
  m_GameObject: {fileID: 1154848510220528}
  m_Enabled: 1
  m_EditorHideFlags: 0
  m_Script: {fileID: 11500000, guid: ae9ac2fcbd1d542619ab0bc7549fb264, type: 3}
  m_Name: 
  m_EditorClassIdentifier: 
  itemId: 57
  indentLevel: 1
  _targetLabel:
    stringRef: {fileID: 0}
    stringVal: skip
  targetLabelOLD: {fileID: 0}
--- !u!114 &114122405762236282
MonoBehaviour:
  m_ObjectHideFlags: 1
  m_PrefabParentObject: {fileID: 0}
  m_PrefabInternal: {fileID: 100100000}
  m_GameObject: {fileID: 1154848510220528}
  m_Enabled: 1
  m_EditorHideFlags: 0
  m_Script: {fileID: 11500000, guid: 70c5622b8a80845c980954170295f292, type: 3}
  m_Name: 
  m_EditorClassIdentifier: 
  itemId: 62
  indentLevel: 0
  compareOperator: 0
  variable: {fileID: 114602322593276140}
  booleanData:
    booleanRef: {fileID: 0}
    booleanVal: 1
  integerData:
    integerRef: {fileID: 0}
    integerVal: 0
  floatData:
    floatRef: {fileID: 0}
    floatVal: 0
  stringData:
    stringRef: {fileID: 0}
    stringVal: 
--- !u!114 &114122947839485298
MonoBehaviour:
  m_ObjectHideFlags: 1
  m_PrefabParentObject: {fileID: 0}
  m_PrefabInternal: {fileID: 100100000}
  m_GameObject: {fileID: 1958722946931332}
  m_Enabled: 1
  m_EditorHideFlags: 0
  m_Script: {fileID: 11500000, guid: 6f6478b25a400c642b2dee75f022ab12, type: 3}
  m_Name: 
  m_EditorClassIdentifier: 
  portraitCanvas: {fileID: 223113110906323384}
  dimPortraits: 1
  dimColor: {r: 0.5, g: 0.5, b: 0.5, a: 1}
  fadeDuration: 0.75
  moveDuration: 1
  fadeEaseType: 4
  shiftOffset: {x: 0, y: 0}
  defaultPosition: {fileID: 114024496731501578}
  positions:
  - {fileID: 224362739564945104}
  - {fileID: 224271179436991090}
  - {fileID: 224214330329517612}
  - {fileID: 224114915434575986}
  - {fileID: 224383776239912866}
--- !u!114 &114129120836519910
MonoBehaviour:
  m_ObjectHideFlags: 1
  m_PrefabParentObject: {fileID: 0}
  m_PrefabInternal: {fileID: 100100000}
  m_GameObject: {fileID: 1169858966124544}
  m_Enabled: 1
  m_EditorHideFlags: 0
  m_Script: {fileID: 11500000, guid: 25fb867d2049d41f597aefdd6b19f598, type: 3}
  m_Name: 
  m_EditorClassIdentifier: 
  nameText: Emir
  nameColor: {r: 0.019607844, g: 0.32156864, b: 0.08627451, a: 1}
  soundEffect: {fileID: 0}
  portraits:
  - {fileID: 21300000, guid: e8a37d1f1c3876140808c756f58f5abd, type: 3}
  portraitsFace: 0
  setSayDialog: {fileID: 0}
  description: 
--- !u!114 &114165520604934532
MonoBehaviour:
  m_ObjectHideFlags: 1
  m_PrefabParentObject: {fileID: 0}
  m_PrefabInternal: {fileID: 100100000}
  m_GameObject: {fileID: 1154848510220528}
  m_Enabled: 1
  m_EditorHideFlags: 0
  m_Script: {fileID: 11500000, guid: 93cb9773f2ca04e2bbf7a68ccfc23267, type: 3}
  m_Name: 
  m_EditorClassIdentifier: 
  itemId: 40
  indentLevel: 0
--- !u!114 &114170093606264940
MonoBehaviour:
  m_ObjectHideFlags: 1
  m_PrefabParentObject: {fileID: 0}
  m_PrefabInternal: {fileID: 100100000}
  m_GameObject: {fileID: 1154848510220528}
  m_Enabled: 1
  m_EditorHideFlags: 0
  m_Script: {fileID: 11500000, guid: 3ac5ce55bc698fa4290939ef6e426501, type: 3}
  m_Name: 
  m_EditorClassIdentifier: 
  itemId: 25
  indentLevel: 0
  display: 2
  stage: {fileID: 0}
  character: {fileID: 114129120836519910}
  replacedCharacter: {fileID: 0}
  portrait: {fileID: 0}
  offset: 0
  fromPosition: {fileID: 0}
  toPosition: {fileID: 0}
  facing: 0
  useDefaultSettings: 1
  fadeDuration: 0.5
  moveDuration: 1
  shiftOffset: {x: 0, y: 0}
  move: 0
  shiftIntoPlace: 0
  waitUntilFinished: 0
--- !u!114 &114194076580048280
MonoBehaviour:
  m_ObjectHideFlags: 1
  m_PrefabParentObject: {fileID: 0}
  m_PrefabInternal: {fileID: 100100000}
  m_GameObject: {fileID: 1154848510220528}
  m_Enabled: 1
  m_EditorHideFlags: 0
  m_Script: {fileID: 11500000, guid: 3ac5ce55bc698fa4290939ef6e426501, type: 3}
  m_Name: 
  m_EditorClassIdentifier: 
  itemId: 50
  indentLevel: 0
  display: 2
  stage: {fileID: 0}
  character: {fileID: 114395740917076206}
  replacedCharacter: {fileID: 0}
  portrait: {fileID: 0}
  offset: 0
  fromPosition: {fileID: 0}
  toPosition: {fileID: 0}
  facing: 0
  useDefaultSettings: 1
  fadeDuration: 0.5
  moveDuration: 1
  shiftOffset: {x: 0, y: 0}
  move: 0
  shiftIntoPlace: 0
  waitUntilFinished: 0
--- !u!114 &114219464128760002
MonoBehaviour:
  m_ObjectHideFlags: 1
  m_PrefabParentObject: {fileID: 0}
  m_PrefabInternal: {fileID: 100100000}
  m_GameObject: {fileID: 1154848510220528}
  m_Enabled: 1
  m_EditorHideFlags: 0
  m_Script: {fileID: 11500000, guid: 3ac5ce55bc698fa4290939ef6e426501, type: 3}
  m_Name: 
  m_EditorClassIdentifier: 
  itemId: 49
  indentLevel: 0
  display: 2
  stage: {fileID: 0}
  character: {fileID: 114129120836519910}
  replacedCharacter: {fileID: 0}
  portrait: {fileID: 0}
  offset: 0
  fromPosition: {fileID: 0}
  toPosition: {fileID: 0}
  facing: 0
  useDefaultSettings: 1
  fadeDuration: 0.5
  moveDuration: 1
  shiftOffset: {x: 0, y: 0}
  move: 0
  shiftIntoPlace: 0
  waitUntilFinished: 0
--- !u!114 &114238343004971344
MonoBehaviour:
  m_ObjectHideFlags: 1
  m_PrefabParentObject: {fileID: 0}
  m_PrefabInternal: {fileID: 100100000}
  m_GameObject: {fileID: 1154848510220528}
  m_Enabled: 1
  m_EditorHideFlags: 0
  m_Script: {fileID: 11500000, guid: 70c5622b8a80845c980954170295f292, type: 3}
  m_Name: 
  m_EditorClassIdentifier: 
  itemId: 38
  indentLevel: 0
  compareOperator: 0
  variable: {fileID: 114602322593276140}
  booleanData:
    booleanRef: {fileID: 0}
    booleanVal: 1
  integerData:
    integerRef: {fileID: 0}
    integerVal: 0
  floatData:
    floatRef: {fileID: 0}
    floatVal: 0
  stringData:
    stringRef: {fileID: 0}
    stringVal: 
--- !u!114 &114240241838802308
MonoBehaviour:
  m_ObjectHideFlags: 1
  m_PrefabParentObject: {fileID: 0}
  m_PrefabInternal: {fileID: 100100000}
  m_GameObject: {fileID: 1154848510220528}
  m_Enabled: 1
  m_EditorHideFlags: 0
  m_Script: {fileID: 11500000, guid: ae9ac2fcbd1d542619ab0bc7549fb264, type: 3}
  m_Name: 
  m_EditorClassIdentifier: 
  itemId: 60
  indentLevel: 1
  _targetLabel:
    stringRef: {fileID: 0}
    stringVal: skip
  targetLabelOLD: {fileID: 0}
--- !u!114 &114244162517713860
MonoBehaviour:
  m_ObjectHideFlags: 1
  m_PrefabParentObject: {fileID: 0}
  m_PrefabInternal: {fileID: 100100000}
  m_GameObject: {fileID: 1154848510220528}
  m_Enabled: 1
  m_EditorHideFlags: 0
  m_Script: {fileID: 11500000, guid: 93cb9773f2ca04e2bbf7a68ccfc23267, type: 3}
  m_Name: 
  m_EditorClassIdentifier: 
  itemId: 58
  indentLevel: 0
--- !u!114 &114244643500376536
MonoBehaviour:
  m_ObjectHideFlags: 1
  m_PrefabParentObject: {fileID: 0}
  m_PrefabInternal: {fileID: 100100000}
  m_GameObject: {fileID: 1154848510220528}
  m_Enabled: 1
  m_EditorHideFlags: 0
  m_Script: {fileID: 11500000, guid: ec422cd568a9c4a31ad7c36d0572b9da, type: 3}
  m_Name: 
  m_EditorClassIdentifier: 
  itemId: 28
  indentLevel: 0
  storyText: Emir?
  description: 
  character: {fileID: 114395740917076206}
  portrait: {fileID: 0}
  voiceOverClip: {fileID: 0}
  showAlways: 1
  showCount: 1
  extendPrevious: 0
  fadeWhenDone: 1
  waitForClick: 1
  stopVoiceover: 1
  setSayDialog: {fileID: 0}
--- !u!114 &114249719654573298
MonoBehaviour:
  m_ObjectHideFlags: 1
  m_PrefabParentObject: {fileID: 0}
  m_PrefabInternal: {fileID: 100100000}
  m_GameObject: {fileID: 1154848510220528}
  m_Enabled: 1
  m_EditorHideFlags: 0
  m_Script: {fileID: 11500000, guid: ec422cd568a9c4a31ad7c36d0572b9da, type: 3}
  m_Name: 
  m_EditorClassIdentifier: 
  itemId: 4
  indentLevel: 0
  storyText: '...and for her to not turn her full power on us.'
  description: 
  character: {fileID: 114129120836519910}
  portrait: {fileID: 0}
  voiceOverClip: {fileID: 0}
  showAlways: 1
  showCount: 1
  extendPrevious: 0
  fadeWhenDone: 1
  waitForClick: 1
  stopVoiceover: 1
  setSayDialog: {fileID: 0}
--- !u!114 &114268623654563062
MonoBehaviour:
  m_ObjectHideFlags: 1
  m_PrefabParentObject: {fileID: 0}
  m_PrefabInternal: {fileID: 100100000}
  m_GameObject: {fileID: 1154848510220528}
  m_Enabled: 1
  m_EditorHideFlags: 0
  m_Script: {fileID: 11500000, guid: 3d3d73aef2cfc4f51abf34ac00241f60, type: 3}
  m_Name: 
  m_EditorClassIdentifier: 
  nodeRect:
    serializedVersion: 2
    x: 454
    y: 65
    width: 219
    height: 40
  tint: {r: 1, g: 1, b: 1, a: 1}
  useCustomTint: 0
  itemId: 16
  blockName: Annaliese Ceremony Finished
  description: 
  eventHandler: {fileID: 0}
  commandList:
  - {fileID: 114495571943085828}
  - {fileID: 114244643500376536}
  - {fileID: 114824742885986470}
  - {fileID: 114932656769019432}
  - {fileID: 114957856718974824}
  - {fileID: 114842179120277628}
  - {fileID: 114645319585122098}
  - {fileID: 114679860227118150}
  - {fileID: 114639746749623302}
  - {fileID: 114973082713431114}
  - {fileID: 114751683973033564}
  - {fileID: 114219464128760002}
  - {fileID: 114194076580048280}
--- !u!114 &114270360963215152
MonoBehaviour:
  m_ObjectHideFlags: 1
  m_PrefabParentObject: {fileID: 0}
  m_PrefabInternal: {fileID: 100100000}
  m_GameObject: {fileID: 1154848510220528}
  m_Enabled: 1
  m_EditorHideFlags: 0
  m_Script: {fileID: 11500000, guid: ea4da378c47144a86979765ac5e9690c, type: 3}
  m_Name: 
  m_EditorClassIdentifier: 
  itemId: 37
  indentLevel: 0
  key: skip
--- !u!114 &114280542157087970
MonoBehaviour:
  m_ObjectHideFlags: 1
  m_PrefabParentObject: {fileID: 0}
  m_PrefabInternal: {fileID: 100100000}
  m_GameObject: {fileID: 1154848510220528}
  m_Enabled: 1
  m_EditorHideFlags: 0
  m_Script: {fileID: 11500000, guid: 7a334fe2ffb574b3583ff3b18b4792d3, type: 3}
  m_Name: 
  m_EditorClassIdentifier: 
  version: 1
  scrollPos: {x: 1, y: 0}
  variablesScrollPos: {x: 0, y: 0}
  variablesExpanded: 1
  blockViewHeight: 405
  zoom: 1
  scrollViewRect:
    serializedVersion: 2
    x: -343
    y: -340
    width: 1114
    height: 859
  selectedBlocks:
  - {fileID: 114400634433627934}
  selectedCommands: []
  variables:
  - {fileID: 114602322593276140}
  description: 
  stepPause: 0
  colorCommands: 1
  hideComponents: 1
  saveSelection: 1
  localizationId: 
  showLineNumbers: 0
  hideCommands: []
  luaEnvironment: {fileID: 0}
  luaBindingName: flowchart
--- !u!114 &114300281672416846
MonoBehaviour:
  m_ObjectHideFlags: 1
  m_PrefabParentObject: {fileID: 0}
  m_PrefabInternal: {fileID: 100100000}
  m_GameObject: {fileID: 1154848510220528}
  m_Enabled: 1
  m_EditorHideFlags: 0
  m_Script: {fileID: 11500000, guid: ec422cd568a9c4a31ad7c36d0572b9da, type: 3}
  m_Name: 
  m_EditorClassIdentifier: 
  itemId: 19
  indentLevel: 0
  storyText: Emir? What are you doing here?
  description: 
  character: {fileID: 114395740917076206}
  portrait: {fileID: 0}
  voiceOverClip: {fileID: 0}
  showAlways: 1
  showCount: 1
  extendPrevious: 0
  fadeWhenDone: 1
  waitForClick: 1
  stopVoiceover: 1
  setSayDialog: {fileID: 0}
--- !u!114 &114307495890488934
MonoBehaviour:
  m_ObjectHideFlags: 1
  m_PrefabParentObject: {fileID: 0}
  m_PrefabInternal: {fileID: 100100000}
  m_GameObject: {fileID: 1154848510220528}
  m_Enabled: 1
  m_EditorHideFlags: 0
  m_Script: {fileID: 11500000, guid: ae9ac2fcbd1d542619ab0bc7549fb264, type: 3}
  m_Name: 
  m_EditorClassIdentifier: 
  itemId: 39
  indentLevel: 1
  _targetLabel:
    stringRef: {fileID: 0}
    stringVal: skip
  targetLabelOLD: {fileID: 0}
--- !u!114 &114313000845794804
MonoBehaviour:
  m_ObjectHideFlags: 1
  m_PrefabParentObject: {fileID: 0}
  m_PrefabInternal: {fileID: 100100000}
  m_GameObject: {fileID: 1154848510220528}
  m_Enabled: 1
  m_EditorHideFlags: 0
  m_Script: {fileID: 11500000, guid: ec422cd568a9c4a31ad7c36d0572b9da, type: 3}
  m_Name: 
  m_EditorClassIdentifier: 
  itemId: 2
  indentLevel: 0
  storyText: "If we make it to Annaliese before she\u2019s finished the Ceremony,
    she won\u2019t be able to stop us."
  description: 
  character: {fileID: 114129120836519910}
  portrait: {fileID: 0}
  voiceOverClip: {fileID: 0}
  showAlways: 1
  showCount: 1
  extendPrevious: 0
  fadeWhenDone: 1
  waitForClick: 1
  stopVoiceover: 1
  setSayDialog: {fileID: 0}
--- !u!114 &114337254264537098
MonoBehaviour:
  m_ObjectHideFlags: 1
  m_PrefabParentObject: {fileID: 0}
  m_PrefabInternal: {fileID: 100100000}
  m_GameObject: {fileID: 1952091591055062}
  m_Enabled: 1
  m_EditorHideFlags: 0
  m_Script: {fileID: -765806418, guid: f5f67c52d1564df4a8936ccd202a3bd8, type: 3}
  m_Name: 
  m_EditorClassIdentifier: 
  m_Material: {fileID: 0}
  m_Color: {r: 1, g: 1, b: 1, a: 0}
  m_RaycastTarget: 1
  m_OnCullStateChanged:
    m_PersistentCalls:
      m_Calls: []
    m_TypeName: UnityEngine.UI.MaskableGraphic+CullStateChangedEvent, UnityEngine.UI,
      Version=1.0.0.0, Culture=neutral, PublicKeyToken=null
  m_Sprite: {fileID: 21300000, guid: ea8f56c43254d41728f5ac4e8299b6c9, type: 3}
  m_Type: 0
  m_PreserveAspect: 1
  m_FillCenter: 1
  m_FillMethod: 4
  m_FillAmount: 1
  m_FillClockwise: 1
  m_FillOrigin: 0
--- !u!114 &114374307197918412
MonoBehaviour:
  m_ObjectHideFlags: 1
  m_PrefabParentObject: {fileID: 0}
  m_PrefabInternal: {fileID: 100100000}
  m_GameObject: {fileID: 1154848510220528}
  m_Enabled: 1
  m_EditorHideFlags: 0
  m_Script: {fileID: 11500000, guid: ec422cd568a9c4a31ad7c36d0572b9da, type: 3}
  m_Name: 
  m_EditorClassIdentifier: 
  itemId: 8
  indentLevel: 0
  storyText: Get the Keystone and open the door.
  description: 
  character: {fileID: 114129120836519910}
  portrait: {fileID: 0}
  voiceOverClip: {fileID: 0}
  showAlways: 1
  showCount: 1
  extendPrevious: 0
  fadeWhenDone: 1
  waitForClick: 1
  stopVoiceover: 1
  setSayDialog: {fileID: 0}
--- !u!114 &114395740917076206
MonoBehaviour:
  m_ObjectHideFlags: 1
  m_PrefabParentObject: {fileID: 0}
  m_PrefabInternal: {fileID: 100100000}
  m_GameObject: {fileID: 1126153295584518}
  m_Enabled: 1
  m_EditorHideFlags: 0
  m_Script: {fileID: 11500000, guid: 25fb867d2049d41f597aefdd6b19f598, type: 3}
  m_Name: 
  m_EditorClassIdentifier: 
  nameText: Annaliese
  nameColor: {r: 1, g: 1, b: 1, a: 1}
  soundEffect: {fileID: 0}
  portraits:
  - {fileID: 21300000, guid: 278952b51f41f154999cd8330fa510ab, type: 3}
  - {fileID: 21300000, guid: 1c50a42078f25ec4c9f8cc562f9e1042, type: 3}
  portraitsFace: 0
  setSayDialog: {fileID: 0}
  description: 
--- !u!114 &114399687918710012
MonoBehaviour:
  m_ObjectHideFlags: 1
  m_PrefabParentObject: {fileID: 0}
  m_PrefabInternal: {fileID: 100100000}
  m_GameObject: {fileID: 1154848510220528}
  m_Enabled: 1
  m_EditorHideFlags: 0
  m_Script: {fileID: 11500000, guid: 3ac5ce55bc698fa4290939ef6e426501, type: 3}
  m_Name: 
  m_EditorClassIdentifier: 
  itemId: 5
  indentLevel: 0
  display: 2
  stage: {fileID: 0}
  character: {fileID: 114129120836519910}
  replacedCharacter: {fileID: 0}
  portrait: {fileID: 0}
  offset: 0
  fromPosition: {fileID: 0}
  toPosition: {fileID: 0}
  facing: 0
  useDefaultSettings: 1
  fadeDuration: 0.5
  moveDuration: 1
  shiftOffset: {x: 0, y: 0}
  move: 0
  shiftIntoPlace: 0
  waitUntilFinished: 0
--- !u!114 &114400634433627934
MonoBehaviour:
  m_ObjectHideFlags: 1
  m_PrefabParentObject: {fileID: 0}
  m_PrefabInternal: {fileID: 100100000}
  m_GameObject: {fileID: 1154848510220528}
  m_Enabled: 1
  m_EditorHideFlags: 0
  m_Script: {fileID: 11500000, guid: 3d3d73aef2cfc4f51abf34ac00241f60, type: 3}
  m_Name: 
  m_EditorClassIdentifier: 
  nodeRect:
    serializedVersion: 2
    x: 65
    y: 75
    width: 137
    height: 40
  tint: {r: 1, g: 1, b: 1, a: 1}
  useCustomTint: 0
  itemId: 0
  blockName: Annaliese Intro
  description: 
  eventHandler: {fileID: 0}
  commandList:
  - {fileID: 114854828092861824}
  - {fileID: 114822953681387564}
  - {fileID: 114313000845794804}
  - {fileID: 114578524923144560}
  - {fileID: 114621347415910048}
  - {fileID: 114905227112829748}
  - {fileID: 114915603670292624}
  - {fileID: 114238343004971344}
  - {fileID: 114307495890488934}
  - {fileID: 114165520604934532}
  - {fileID: 114249719654573298}
  - {fileID: 114615478209945216}
  - {fileID: 114466233306695578}
  - {fileID: 114632438860886380}
  - {fileID: 114270360963215152}
  - {fileID: 114399687918710012}
  - {fileID: 114573872492819106}
--- !u!114 &114401947138723566
MonoBehaviour:
  m_ObjectHideFlags: 1
  m_PrefabParentObject: {fileID: 0}
  m_PrefabInternal: {fileID: 100100000}
  m_GameObject: {fileID: 1154848510220528}
  m_Enabled: 1
  m_EditorHideFlags: 0
  m_Script: {fileID: 11500000, guid: 3ac5ce55bc698fa4290939ef6e426501, type: 3}
  m_Name: 
  m_EditorClassIdentifier: 
  itemId: 10
  indentLevel: 0
  display: 2
  stage: {fileID: 0}
  character: {fileID: 114129120836519910}
  replacedCharacter: {fileID: 0}
  portrait: {fileID: 0}
  offset: 0
  fromPosition: {fileID: 0}
  toPosition: {fileID: 0}
  facing: 0
  useDefaultSettings: 1
  fadeDuration: 0.5
  moveDuration: 1
  shiftOffset: {x: 0, y: 0}
  move: 0
  shiftIntoPlace: 0
  waitUntilFinished: 0
--- !u!114 &114412742463208718
MonoBehaviour:
  m_ObjectHideFlags: 1
  m_PrefabParentObject: {fileID: 0}
  m_PrefabInternal: {fileID: 100100000}
  m_GameObject: {fileID: 1505218254452618}
  m_Enabled: 1
  m_EditorHideFlags: 0
  m_Script: {fileID: -765806418, guid: f5f67c52d1564df4a8936ccd202a3bd8, type: 3}
  m_Name: 
  m_EditorClassIdentifier: 
  m_Material: {fileID: 0}
  m_Color: {r: 1, g: 1, b: 1, a: 0}
  m_RaycastTarget: 1
  m_OnCullStateChanged:
    m_PersistentCalls:
      m_Calls: []
    m_TypeName: UnityEngine.UI.MaskableGraphic+CullStateChangedEvent, UnityEngine.UI,
      Version=1.0.0.0, Culture=neutral, PublicKeyToken=null
  m_Sprite: {fileID: 21300000, guid: ea8f56c43254d41728f5ac4e8299b6c9, type: 3}
  m_Type: 0
  m_PreserveAspect: 1
  m_FillCenter: 1
  m_FillMethod: 4
  m_FillAmount: 1
  m_FillClockwise: 1
  m_FillOrigin: 0
--- !u!114 &114423386110101386
MonoBehaviour:
  m_ObjectHideFlags: 1
  m_PrefabParentObject: {fileID: 0}
  m_PrefabInternal: {fileID: 100100000}
  m_GameObject: {fileID: 1865532660779014}
  m_Enabled: 1
  m_EditorHideFlags: 0
  m_Script: {fileID: -765806418, guid: f5f67c52d1564df4a8936ccd202a3bd8, type: 3}
  m_Name: 
  m_EditorClassIdentifier: 
  m_Material: {fileID: 0}
  m_Color: {r: 1, g: 1, b: 1, a: 0}
  m_RaycastTarget: 1
  m_OnCullStateChanged:
    m_PersistentCalls:
      m_Calls: []
    m_TypeName: UnityEngine.UI.MaskableGraphic+CullStateChangedEvent, UnityEngine.UI,
      Version=1.0.0.0, Culture=neutral, PublicKeyToken=null
  m_Sprite: {fileID: 21300000, guid: ea8f56c43254d41728f5ac4e8299b6c9, type: 3}
  m_Type: 0
  m_PreserveAspect: 1
  m_FillCenter: 1
  m_FillMethod: 4
  m_FillAmount: 1
  m_FillClockwise: 1
  m_FillOrigin: 0
--- !u!114 &114425137676131836
MonoBehaviour:
  m_ObjectHideFlags: 1
  m_PrefabParentObject: {fileID: 0}
  m_PrefabInternal: {fileID: 100100000}
  m_GameObject: {fileID: 1154848510220528}
  m_Enabled: 1
  m_EditorHideFlags: 0
  m_Script: {fileID: 11500000, guid: 93cb9773f2ca04e2bbf7a68ccfc23267, type: 3}
  m_Name: 
  m_EditorClassIdentifier: 
  itemId: 64
  indentLevel: 0
--- !u!114 &114431362111059816
MonoBehaviour:
  m_ObjectHideFlags: 1
  m_PrefabParentObject: {fileID: 0}
  m_PrefabInternal: {fileID: 100100000}
  m_GameObject: {fileID: 1154848510220528}
  m_Enabled: 1
  m_EditorHideFlags: 0
  m_Script: {fileID: 11500000, guid: 70c5622b8a80845c980954170295f292, type: 3}
  m_Name: 
  m_EditorClassIdentifier: 
  itemId: 59
  indentLevel: 0
  compareOperator: 0
  variable: {fileID: 114602322593276140}
  booleanData:
    booleanRef: {fileID: 0}
    booleanVal: 1
  integerData:
    integerRef: {fileID: 0}
    integerVal: 0
  floatData:
    floatRef: {fileID: 0}
    floatVal: 0
  stringData:
    stringRef: {fileID: 0}
    stringVal: 
--- !u!114 &114437001694224412
MonoBehaviour:
  m_ObjectHideFlags: 1
  m_PrefabParentObject: {fileID: 0}
  m_PrefabInternal: {fileID: 100100000}
  m_GameObject: {fileID: 1154848510220528}
  m_Enabled: 1
  m_EditorHideFlags: 0
  m_Script: {fileID: 11500000, guid: ec422cd568a9c4a31ad7c36d0572b9da, type: 3}
  m_Name: 
  m_EditorClassIdentifier: 
  itemId: 20
  indentLevel: 0
  storyText: Quick, before she finishes the Ritual.
  description: 
  character: {fileID: 114129120836519910}
  portrait: {fileID: 0}
  voiceOverClip: {fileID: 0}
  showAlways: 1
  showCount: 1
  extendPrevious: 0
  fadeWhenDone: 1
  waitForClick: 1
  stopVoiceover: 1
  setSayDialog: {fileID: 0}
--- !u!114 &114454600083320744
MonoBehaviour:
  m_ObjectHideFlags: 1
  m_PrefabParentObject: {fileID: 0}
  m_PrefabInternal: {fileID: 100100000}
  m_GameObject: {fileID: 1154848510220528}
  m_Enabled: 1
  m_EditorHideFlags: 0
  m_Script: {fileID: 11500000, guid: 93cb9773f2ca04e2bbf7a68ccfc23267, type: 3}
  m_Name: 
  m_EditorClassIdentifier: 
  itemId: 61
  indentLevel: 0
--- !u!114 &114466233306695578
MonoBehaviour:
  m_ObjectHideFlags: 1
  m_PrefabParentObject: {fileID: 0}
  m_PrefabInternal: {fileID: 100100000}
  m_GameObject: {fileID: 1154848510220528}
  m_Enabled: 1
  m_EditorHideFlags: 0
  m_Script: {fileID: 11500000, guid: ae9ac2fcbd1d542619ab0bc7549fb264, type: 3}
  m_Name: 
  m_EditorClassIdentifier: 
  itemId: 42
  indentLevel: 1
  _targetLabel:
    stringRef: {fileID: 0}
    stringVal: skip
  targetLabelOLD: {fileID: 0}
--- !u!114 &114476319386631598
MonoBehaviour:
  m_ObjectHideFlags: 1
  m_PrefabParentObject: {fileID: 0}
  m_PrefabInternal: {fileID: 100100000}
  m_GameObject: {fileID: 1154848510220528}
  m_Enabled: 1
  m_EditorHideFlags: 0
  m_Script: {fileID: 11500000, guid: 3ac5ce55bc698fa4290939ef6e426501, type: 3}
  m_Name: 
  m_EditorClassIdentifier: 
  itemId: 24
  indentLevel: 0
  display: 2
  stage: {fileID: 0}
  character: {fileID: 114395740917076206}
  replacedCharacter: {fileID: 0}
  portrait: {fileID: 0}
  offset: 0
  fromPosition: {fileID: 0}
  toPosition: {fileID: 0}
  facing: 0
  useDefaultSettings: 1
  fadeDuration: 0.5
  moveDuration: 1
  shiftOffset: {x: 0, y: 0}
  move: 0
  shiftIntoPlace: 0
  waitUntilFinished: 0
--- !u!114 &114484870358544796
MonoBehaviour:
  m_ObjectHideFlags: 1
  m_PrefabParentObject: {fileID: 0}
  m_PrefabInternal: {fileID: 100100000}
  m_GameObject: {fileID: 1154848510220528}
  m_Enabled: 1
  m_EditorHideFlags: 0
  m_Script: {fileID: 11500000, guid: 93cb9773f2ca04e2bbf7a68ccfc23267, type: 3}
  m_Name: 
  m_EditorClassIdentifier: 
  itemId: 55
  indentLevel: 0
--- !u!114 &114488988340382050
MonoBehaviour:
  m_ObjectHideFlags: 1
  m_PrefabParentObject: {fileID: 0}
  m_PrefabInternal: {fileID: 100100000}
  m_GameObject: {fileID: 1154848510220528}
  m_Enabled: 1
  m_EditorHideFlags: 0
  m_Script: {fileID: 11500000, guid: 17a200dbd67304446a3019434503338a, type: 3}
  m_Name: 
  m_EditorClassIdentifier: 
  itemId: 52
  indentLevel: 0
  targetObject: {fileID: 0}
  methodName: EnableInputLock
  delay: 0
--- !u!114 &114491324796675532
MonoBehaviour:
  m_ObjectHideFlags: 1
  m_PrefabParentObject: {fileID: 0}
  m_PrefabInternal: {fileID: 100100000}
  m_GameObject: {fileID: 1154848510220528}
  m_Enabled: 1
  m_EditorHideFlags: 0
  m_Script: {fileID: 11500000, guid: 17a200dbd67304446a3019434503338a, type: 3}
  m_Name: 
  m_EditorClassIdentifier: 
  itemId: 14
  indentLevel: 0
  targetObject: {fileID: 0}
  methodName: DisableInputLock
  delay: 0
--- !u!114 &114495571943085828
MonoBehaviour:
  m_ObjectHideFlags: 1
  m_PrefabParentObject: {fileID: 0}
  m_PrefabInternal: {fileID: 100100000}
  m_GameObject: {fileID: 1154848510220528}
  m_Enabled: 1
  m_EditorHideFlags: 0
  m_Script: {fileID: 11500000, guid: 3ac5ce55bc698fa4290939ef6e426501, type: 3}
  m_Name: 
  m_EditorClassIdentifier: 
  itemId: 26
  indentLevel: 0
  display: 1
  stage: {fileID: 0}
  character: {fileID: 114395740917076206}
  replacedCharacter: {fileID: 0}
  portrait: {fileID: 21300000, guid: 1c50a42078f25ec4c9f8cc562f9e1042, type: 3}
  offset: 0
  fromPosition: {fileID: 0}
  toPosition: {fileID: 224214330329517612}
  facing: 0
  useDefaultSettings: 1
  fadeDuration: 0.5
  moveDuration: 1
  shiftOffset: {x: 0, y: 0}
  move: 0
  shiftIntoPlace: 0
  waitUntilFinished: 0
--- !u!114 &114518508292012526
MonoBehaviour:
  m_ObjectHideFlags: 1
  m_PrefabParentObject: {fileID: 0}
  m_PrefabInternal: {fileID: 100100000}
  m_GameObject: {fileID: 1154848510220528}
  m_Enabled: 1
  m_EditorHideFlags: 0
  m_Script: {fileID: 11500000, guid: 3ac5ce55bc698fa4290939ef6e426501, type: 3}
  m_Name: 
  m_EditorClassIdentifier: 
  itemId: 7
  indentLevel: 0
  display: 1
  stage: {fileID: 0}
  character: {fileID: 114129120836519910}
  replacedCharacter: {fileID: 0}
  portrait: {fileID: 21300000, guid: e8a37d1f1c3876140808c756f58f5abd, type: 3}
  offset: 0
  fromPosition: {fileID: 0}
  toPosition: {fileID: 224362739564945104}
  facing: 0
  useDefaultSettings: 1
  fadeDuration: 0.5
  moveDuration: 1
  shiftOffset: {x: 0, y: 0}
  move: 0
  shiftIntoPlace: 0
  waitUntilFinished: 0
--- !u!114 &114528540755708836
MonoBehaviour:
  m_ObjectHideFlags: 1
  m_PrefabParentObject: {fileID: 0}
  m_PrefabInternal: {fileID: 100100000}
  m_GameObject: {fileID: 1154848510220528}
  m_Enabled: 1
  m_EditorHideFlags: 0
  m_Script: {fileID: 11500000, guid: 3ac5ce55bc698fa4290939ef6e426501, type: 3}
  m_Name: 
  m_EditorClassIdentifier: 
  itemId: 18
  indentLevel: 0
  display: 1
  stage: {fileID: 0}
  character: {fileID: 114129120836519910}
  replacedCharacter: {fileID: 0}
  portrait: {fileID: 21300000, guid: e8a37d1f1c3876140808c756f58f5abd, type: 3}
  offset: 0
  fromPosition: {fileID: 0}
  toPosition: {fileID: 224362739564945104}
  facing: 0
  useDefaultSettings: 1
  fadeDuration: 0.5
  moveDuration: 1
  shiftOffset: {x: 0, y: 0}
  move: 0
  shiftIntoPlace: 0
  waitUntilFinished: 0
--- !u!114 &114555838977304814
MonoBehaviour:
  m_ObjectHideFlags: 1
  m_PrefabParentObject: {fileID: 0}
  m_PrefabInternal: {fileID: 100100000}
  m_GameObject: {fileID: 1589352622036462}
  m_Enabled: 1
  m_EditorHideFlags: 0
  m_Script: {fileID: -765806418, guid: f5f67c52d1564df4a8936ccd202a3bd8, type: 3}
  m_Name: 
  m_EditorClassIdentifier: 
  m_Material: {fileID: 0}
  m_Color: {r: 1, g: 1, b: 1, a: 0}
  m_RaycastTarget: 1
  m_OnCullStateChanged:
    m_PersistentCalls:
      m_Calls: []
    m_TypeName: UnityEngine.UI.MaskableGraphic+CullStateChangedEvent, UnityEngine.UI,
      Version=1.0.0.0, Culture=neutral, PublicKeyToken=null
  m_Sprite: {fileID: 21300000, guid: ea8f56c43254d41728f5ac4e8299b6c9, type: 3}
  m_Type: 0
  m_PreserveAspect: 1
  m_FillCenter: 1
  m_FillMethod: 4
  m_FillAmount: 1
  m_FillClockwise: 1
  m_FillOrigin: 0
--- !u!114 &114573872492819106
MonoBehaviour:
  m_ObjectHideFlags: 1
  m_PrefabParentObject: {fileID: 0}
  m_PrefabInternal: {fileID: 100100000}
  m_GameObject: {fileID: 1154848510220528}
  m_Enabled: 1
  m_EditorHideFlags: 0
  m_Script: {fileID: 11500000, guid: 17a200dbd67304446a3019434503338a, type: 3}
  m_Name: 
  m_EditorClassIdentifier: 
  itemId: 12
  indentLevel: 0
  targetObject: {fileID: 0}
  methodName: DisableInputLock
  delay: 0
--- !u!114 &114578524923144560
MonoBehaviour:
  m_ObjectHideFlags: 1
  m_PrefabParentObject: {fileID: 0}
  m_PrefabInternal: {fileID: 100100000}
  m_GameObject: {fileID: 1154848510220528}
  m_Enabled: 1
  m_EditorHideFlags: 0
  m_Script: {fileID: 11500000, guid: 70c5622b8a80845c980954170295f292, type: 3}
  m_Name: 
  m_EditorClassIdentifier: 
  itemId: 34
  indentLevel: 0
  compareOperator: 0
  variable: {fileID: 114602322593276140}
  booleanData:
    booleanRef: {fileID: 0}
    booleanVal: 1
  integerData:
    integerRef: {fileID: 0}
    integerVal: 0
  floatData:
    floatRef: {fileID: 0}
    floatVal: 0
  stringData:
    stringRef: {fileID: 0}
    stringVal: 
--- !u!114 &114581599592514932
MonoBehaviour:
  m_ObjectHideFlags: 1
  m_PrefabParentObject: {fileID: 0}
  m_PrefabInternal: {fileID: 100100000}
  m_GameObject: {fileID: 1154848510220528}
  m_Enabled: 1
  m_EditorHideFlags: 0
  m_Script: {fileID: 11500000, guid: ec422cd568a9c4a31ad7c36d0572b9da, type: 3}
  m_Name: 
  m_EditorClassIdentifier: 
  itemId: 22
  indentLevel: 0
  storyText: "We\u2019re not too late!"
  description: 
  character: {fileID: 114129120836519910}
  portrait: {fileID: 0}
  voiceOverClip: {fileID: 0}
  showAlways: 1
  showCount: 1
  extendPrevious: 0
  fadeWhenDone: 1
  waitForClick: 1
  stopVoiceover: 1
  setSayDialog: {fileID: 0}
--- !u!114 &114602322593276140
MonoBehaviour:
  m_ObjectHideFlags: 1
  m_PrefabParentObject: {fileID: 0}
  m_PrefabInternal: {fileID: 100100000}
  m_GameObject: {fileID: 1154848510220528}
  m_Enabled: 1
  m_EditorHideFlags: 0
  m_Script: {fileID: 11500000, guid: 5d02d9822eec54c98afe95bb497211b3, type: 3}
  m_Name: 
  m_EditorClassIdentifier: 
  scope: 1
  key: skip
  value: 0
--- !u!114 &114615478209945216
MonoBehaviour:
  m_ObjectHideFlags: 1
  m_PrefabParentObject: {fileID: 0}
  m_PrefabInternal: {fileID: 100100000}
  m_GameObject: {fileID: 1154848510220528}
  m_Enabled: 1
  m_EditorHideFlags: 0
  m_Script: {fileID: 11500000, guid: 70c5622b8a80845c980954170295f292, type: 3}
  m_Name: 
  m_EditorClassIdentifier: 
  itemId: 41
  indentLevel: 0
  compareOperator: 0
  variable: {fileID: 114602322593276140}
  booleanData:
    booleanRef: {fileID: 0}
    booleanVal: 1
  integerData:
    integerRef: {fileID: 0}
    integerVal: 0
  floatData:
    floatRef: {fileID: 0}
    floatVal: 0
  stringData:
    stringRef: {fileID: 0}
    stringVal: 
--- !u!114 &114621347415910048
MonoBehaviour:
  m_ObjectHideFlags: 1
  m_PrefabParentObject: {fileID: 0}
  m_PrefabInternal: {fileID: 100100000}
  m_GameObject: {fileID: 1154848510220528}
  m_Enabled: 1
  m_EditorHideFlags: 0
  m_Script: {fileID: 11500000, guid: ae9ac2fcbd1d542619ab0bc7549fb264, type: 3}
  m_Name: 
  m_EditorClassIdentifier: 
  itemId: 35
  indentLevel: 1
  _targetLabel:
    stringRef: {fileID: 0}
    stringVal: skip
  targetLabelOLD: {fileID: 0}
--- !u!114 &114625178125496916
MonoBehaviour:
  m_ObjectHideFlags: 1
  m_PrefabParentObject: {fileID: 0}
  m_PrefabInternal: {fileID: 100100000}
  m_GameObject: {fileID: 1786013676178194}
  m_Enabled: 1
  m_EditorHideFlags: 0
  m_Script: {fileID: 11500000, guid: 25fb867d2049d41f597aefdd6b19f598, type: 3}
  m_Name: 
  m_EditorClassIdentifier: 
  nameText: Naath
  nameColor: {r: 1, g: 1, b: 1, a: 1}
  soundEffect: {fileID: 0}
  portraits:
  - {fileID: 21300000, guid: 1d2ea0f18bbb819469bb18fb1038c0c1, type: 3}
  portraitsFace: 0
  setSayDialog: {fileID: 0}
  description: 
--- !u!114 &114632438860886380
MonoBehaviour:
  m_ObjectHideFlags: 1
  m_PrefabParentObject: {fileID: 0}
  m_PrefabInternal: {fileID: 100100000}
  m_GameObject: {fileID: 1154848510220528}
  m_Enabled: 1
  m_EditorHideFlags: 0
  m_Script: {fileID: 11500000, guid: 93cb9773f2ca04e2bbf7a68ccfc23267, type: 3}
  m_Name: 
  m_EditorClassIdentifier: 
  itemId: 43
  indentLevel: 0
--- !u!114 &114639746749623302
MonoBehaviour:
  m_ObjectHideFlags: 1
  m_PrefabParentObject: {fileID: 0}
  m_PrefabInternal: {fileID: 100100000}
  m_GameObject: {fileID: 1154848510220528}
  m_Enabled: 1
  m_EditorHideFlags: 0
  m_Script: {fileID: 11500000, guid: ec422cd568a9c4a31ad7c36d0572b9da, type: 3}
  m_Name: 
  m_EditorClassIdentifier: 
  itemId: 47
  indentLevel: 0
  storyText: "I did. I\u2019m sorry, Annaliese."
  description: 
  character: {fileID: 114129120836519910}
  portrait: {fileID: 0}
  voiceOverClip: {fileID: 0}
  showAlways: 1
  showCount: 1
  extendPrevious: 0
  fadeWhenDone: 1
  waitForClick: 1
  stopVoiceover: 1
  setSayDialog: {fileID: 0}
--- !u!114 &114645319585122098
MonoBehaviour:
  m_ObjectHideFlags: 1
  m_PrefabParentObject: {fileID: 0}
  m_PrefabInternal: {fileID: 100100000}
  m_GameObject: {fileID: 1154848510220528}
  m_Enabled: 1
  m_EditorHideFlags: 0
  m_Script: {fileID: 11500000, guid: ec422cd568a9c4a31ad7c36d0572b9da, type: 3}
  m_Name: 
  m_EditorClassIdentifier: 
  itemId: 32
  indentLevel: 0
  storyText: '...'
  description: 
  character: {fileID: 114395740917076206}
  portrait: {fileID: 0}
  voiceOverClip: {fileID: 0}
  showAlways: 1
  showCount: 1
  extendPrevious: 0
  fadeWhenDone: 1
  waitForClick: 1
  stopVoiceover: 1
  setSayDialog: {fileID: 0}
--- !u!114 &114652368281638782
MonoBehaviour:
  m_ObjectHideFlags: 1
  m_PrefabParentObject: {fileID: 0}
  m_PrefabInternal: {fileID: 100100000}
  m_GameObject: {fileID: 1878987762116540}
  m_Enabled: 1
  m_EditorHideFlags: 0
  m_Script: {fileID: -765806418, guid: f5f67c52d1564df4a8936ccd202a3bd8, type: 3}
  m_Name: 
  m_EditorClassIdentifier: 
  m_Material: {fileID: 0}
  m_Color: {r: 1, g: 1, b: 1, a: 0}
  m_RaycastTarget: 1
  m_OnCullStateChanged:
    m_PersistentCalls:
      m_Calls: []
    m_TypeName: UnityEngine.UI.MaskableGraphic+CullStateChangedEvent, UnityEngine.UI,
      Version=1.0.0.0, Culture=neutral, PublicKeyToken=null
  m_Sprite: {fileID: 21300000, guid: ea8f56c43254d41728f5ac4e8299b6c9, type: 3}
  m_Type: 0
  m_PreserveAspect: 1
  m_FillCenter: 1
  m_FillMethod: 4
  m_FillAmount: 1
  m_FillClockwise: 1
  m_FillOrigin: 0
--- !u!114 &114679860227118150
MonoBehaviour:
  m_ObjectHideFlags: 1
  m_PrefabParentObject: {fileID: 0}
  m_PrefabInternal: {fileID: 100100000}
  m_GameObject: {fileID: 1154848510220528}
  m_Enabled: 1
  m_EditorHideFlags: 0
  m_Script: {fileID: 11500000, guid: ec422cd568a9c4a31ad7c36d0572b9da, type: 3}
  m_Name: 
  m_EditorClassIdentifier: 
  itemId: 33
  indentLevel: 0
  storyText: Then you did it.
  description: 
  character: {fileID: 114395740917076206}
  portrait: {fileID: 0}
  voiceOverClip: {fileID: 0}
  showAlways: 1
  showCount: 1
  extendPrevious: 0
  fadeWhenDone: 1
  waitForClick: 1
  stopVoiceover: 1
  setSayDialog: {fileID: 0}
--- !u!114 &114688646475191108
MonoBehaviour:
  m_ObjectHideFlags: 1
  m_PrefabParentObject: {fileID: 0}
  m_PrefabInternal: {fileID: 100100000}
  m_GameObject: {fileID: 1190943203799082}
  m_Enabled: 1
  m_EditorHideFlags: 0
  m_Script: {fileID: -765806418, guid: f5f67c52d1564df4a8936ccd202a3bd8, type: 3}
  m_Name: 
  m_EditorClassIdentifier: 
  m_Material: {fileID: 0}
  m_Color: {r: 1, g: 1, b: 1, a: 0}
  m_RaycastTarget: 1
  m_OnCullStateChanged:
    m_PersistentCalls:
      m_Calls: []
    m_TypeName: UnityEngine.UI.MaskableGraphic+CullStateChangedEvent, UnityEngine.UI,
      Version=1.0.0.0, Culture=neutral, PublicKeyToken=null
  m_Sprite: {fileID: 21300000, guid: ea8f56c43254d41728f5ac4e8299b6c9, type: 3}
  m_Type: 0
  m_PreserveAspect: 1
  m_FillCenter: 1
  m_FillMethod: 4
  m_FillAmount: 1
  m_FillClockwise: 1
  m_FillOrigin: 0
--- !u!114 &114702743757562018
MonoBehaviour:
  m_ObjectHideFlags: 1
  m_PrefabParentObject: {fileID: 0}
  m_PrefabInternal: {fileID: 100100000}
  m_GameObject: {fileID: 1116875446223532}
  m_Enabled: 1
  m_EditorHideFlags: 0
  m_Script: {fileID: 1980459831, guid: f5f67c52d1564df4a8936ccd202a3bd8, type: 3}
  m_Name: 
  m_EditorClassIdentifier: 
  m_UiScaleMode: 1
  m_ReferencePixelsPerUnit: 100
  m_ScaleFactor: 1
  m_ReferenceResolution: {x: 1600, y: 1200}
  m_ScreenMatchMode: 0
  m_MatchWidthOrHeight: 1
  m_PhysicalUnit: 3
  m_FallbackScreenDPI: 96
  m_DefaultSpriteDPI: 96
  m_DynamicPixelsPerUnit: 1
--- !u!114 &114704628504963464
MonoBehaviour:
  m_ObjectHideFlags: 1
  m_PrefabParentObject: {fileID: 0}
  m_PrefabInternal: {fileID: 100100000}
  m_GameObject: {fileID: 1154848510220528}
  m_Enabled: 1
  m_EditorHideFlags: 0
  m_Script: {fileID: 11500000, guid: ec422cd568a9c4a31ad7c36d0572b9da, type: 3}
  m_Name: 
  m_EditorClassIdentifier: 
  itemId: 21
  indentLevel: 0
  storyText: "Too late for what? Emir, what aren\u2019t you too late for?"
  description: 
  character: {fileID: 114395740917076206}
  portrait: {fileID: 0}
  voiceOverClip: {fileID: 0}
  showAlways: 1
  showCount: 1
  extendPrevious: 0
  fadeWhenDone: 1
  waitForClick: 1
  stopVoiceover: 1
  setSayDialog: {fileID: 0}
--- !u!114 &114718375306238622
MonoBehaviour:
  m_ObjectHideFlags: 1
  m_PrefabParentObject: {fileID: 0}
  m_PrefabInternal: {fileID: 100100000}
  m_GameObject: {fileID: 1965596122496582}
  m_Enabled: 1
  m_EditorHideFlags: 0
  m_Script: {fileID: -765806418, guid: f5f67c52d1564df4a8936ccd202a3bd8, type: 3}
  m_Name: 
  m_EditorClassIdentifier: 
  m_Material: {fileID: 0}
  m_Color: {r: 1, g: 1, b: 1, a: 0}
  m_RaycastTarget: 1
  m_OnCullStateChanged:
    m_PersistentCalls:
      m_Calls: []
    m_TypeName: UnityEngine.UI.MaskableGraphic+CullStateChangedEvent, UnityEngine.UI,
      Version=1.0.0.0, Culture=neutral, PublicKeyToken=null
  m_Sprite: {fileID: 21300000, guid: ea8f56c43254d41728f5ac4e8299b6c9, type: 3}
  m_Type: 0
  m_PreserveAspect: 1
  m_FillCenter: 1
  m_FillMethod: 4
  m_FillAmount: 1
  m_FillClockwise: 1
  m_FillOrigin: 0
--- !u!114 &114728094642274012
MonoBehaviour:
  m_ObjectHideFlags: 1
  m_PrefabParentObject: {fileID: 0}
  m_PrefabInternal: {fileID: 100100000}
  m_GameObject: {fileID: 1047401899537322}
  m_Enabled: 1
  m_EditorHideFlags: 0
  m_Script: {fileID: -765806418, guid: f5f67c52d1564df4a8936ccd202a3bd8, type: 3}
  m_Name: 
  m_EditorClassIdentifier: 
  m_Material: {fileID: 0}
  m_Color: {r: 1, g: 1, b: 1, a: 0}
  m_RaycastTarget: 1
  m_OnCullStateChanged:
    m_PersistentCalls:
      m_Calls: []
    m_TypeName: UnityEngine.UI.MaskableGraphic+CullStateChangedEvent, UnityEngine.UI,
      Version=1.0.0.0, Culture=neutral, PublicKeyToken=null
  m_Sprite: {fileID: 21300000, guid: ea8f56c43254d41728f5ac4e8299b6c9, type: 3}
  m_Type: 0
  m_PreserveAspect: 1
  m_FillCenter: 1
  m_FillMethod: 4
  m_FillAmount: 1
  m_FillClockwise: 1
  m_FillOrigin: 0
--- !u!114 &114728227749499964
MonoBehaviour:
  m_ObjectHideFlags: 1
  m_PrefabParentObject: {fileID: 0}
  m_PrefabInternal: {fileID: 100100000}
  m_GameObject: {fileID: 1154848510220528}
  m_Enabled: 1
  m_EditorHideFlags: 0
  m_Script: {fileID: 11500000, guid: ae9ac2fcbd1d542619ab0bc7549fb264, type: 3}
  m_Name: 
  m_EditorClassIdentifier: 
  itemId: 63
  indentLevel: 1
  _targetLabel:
    stringRef: {fileID: 0}
    stringVal: skip
  targetLabelOLD: {fileID: 0}
--- !u!114 &114751683973033564
MonoBehaviour:
  m_ObjectHideFlags: 1
  m_PrefabParentObject: {fileID: 0}
  m_PrefabInternal: {fileID: 100100000}
  m_GameObject: {fileID: 1154848510220528}
  m_Enabled: 1
  m_EditorHideFlags: 0
  m_Script: {fileID: 11500000, guid: ea4da378c47144a86979765ac5e9690c, type: 3}
  m_Name: 
  m_EditorClassIdentifier: 
  itemId: 46
  indentLevel: 0
  key: skip
--- !u!114 &114758912944580096
MonoBehaviour:
  m_ObjectHideFlags: 1
  m_PrefabParentObject: {fileID: 0}
  m_PrefabInternal: {fileID: 100100000}
  m_GameObject: {fileID: 1154848510220528}
  m_Enabled: 1
  m_EditorHideFlags: 0
  m_Script: {fileID: 11500000, guid: ae9ac2fcbd1d542619ab0bc7549fb264, type: 3}
  m_Name: 
  m_EditorClassIdentifier: 
  itemId: 54
  indentLevel: 1
  _targetLabel:
    stringRef: {fileID: 0}
    stringVal: skip
  targetLabelOLD: {fileID: 0}
--- !u!114 &114759938574653062
MonoBehaviour:
  m_ObjectHideFlags: 1
  m_PrefabParentObject: {fileID: 0}
  m_PrefabInternal: {fileID: 100100000}
  m_GameObject: {fileID: 1154848510220528}
  m_Enabled: 1
  m_EditorHideFlags: 0
  m_Script: {fileID: 11500000, guid: 3d3d73aef2cfc4f51abf34ac00241f60, type: 3}
  m_Name: 
  m_EditorClassIdentifier: 
  nodeRect:
    serializedVersion: 2
    x: 263
    y: 30
    width: 126
    height: 40
  tint: {r: 1, g: 1, b: 1, a: 1}
  useCustomTint: 0
  itemId: 6
  blockName: Temple Enter
  description: 
  eventHandler: {fileID: 0}
  commandList:
  - {fileID: 114049307040793034}
  - {fileID: 114518508292012526}
  - {fileID: 114374307197918412}
  - {fileID: 114814595018187384}
  - {fileID: 114027947985323640}
  - {fileID: 114942262187491120}
  - {fileID: 114785061123513684}
  - {fileID: 114837628358203182}
  - {fileID: 114401947138723566}
  - {fileID: 114491324796675532}
--- !u!114 &114785061123513684
MonoBehaviour:
  m_ObjectHideFlags: 1
  m_PrefabParentObject: {fileID: 0}
  m_PrefabInternal: {fileID: 100100000}
  m_GameObject: {fileID: 1154848510220528}
  m_Enabled: 1
  m_EditorHideFlags: 0
  m_Script: {fileID: 11500000, guid: ec422cd568a9c4a31ad7c36d0572b9da, type: 3}
  m_Name: 
  m_EditorClassIdentifier: 
  itemId: 9
  indentLevel: 0
  storyText: 'The door is sealed shut, don''t waste time trying it. '
  description: 
  character: {fileID: 114129120836519910}
  portrait: {fileID: 0}
  voiceOverClip: {fileID: 0}
  showAlways: 1
  showCount: 1
  extendPrevious: 0
  fadeWhenDone: 1
  waitForClick: 1
  stopVoiceover: 1
  setSayDialog: {fileID: 0}
--- !u!114 &114791907907705562
MonoBehaviour:
  m_ObjectHideFlags: 1
  m_PrefabParentObject: {fileID: 0}
  m_PrefabInternal: {fileID: 100100000}
  m_GameObject: {fileID: 1154848510220528}
  m_Enabled: 1
  m_EditorHideFlags: 0
  m_Script: {fileID: 11500000, guid: 3d3d73aef2cfc4f51abf34ac00241f60, type: 3}
  m_Name: 
  m_EditorClassIdentifier: 
  nodeRect:
    serializedVersion: 2
    x: 254
    y: 159
    width: 242
    height: 40
  tint: {r: 1, g: 1, b: 1, a: 1}
  useCustomTint: 0
  itemId: 15
  blockName: Annaliese Ceremony Not Finished
  description: 
  eventHandler: {fileID: 0}
  commandList:
  - {fileID: 114488988340382050}
  - {fileID: 114054242601456332}
  - {fileID: 114528540755708836}
  - {fileID: 114300281672416846}
  - {fileID: 114030693415175022}
  - {fileID: 114758912944580096}
  - {fileID: 114484870358544796}
  - {fileID: 114581599592514932}
  - {fileID: 114431362111059816}
  - {fileID: 114240241838802308}
  - {fileID: 114454600083320744}
  - {fileID: 114704628504963464}
  - {fileID: 114048414528033226}
  - {fileID: 114120452158255822}
  - {fileID: 114244162517713860}
  - {fileID: 114437001694224412}
  - {fileID: 114122405762236282}
  - {fileID: 114728227749499964}
  - {fileID: 114425137676131836}
  - {fileID: 114116300483203916}
  - {fileID: 114476319386631598}
  - {fileID: 114170093606264940}
  - {fileID: 114026130196911960}
  - {fileID: 114985338982491636}
--- !u!114 &114814595018187384
MonoBehaviour:
  m_ObjectHideFlags: 1
  m_PrefabParentObject: {fileID: 0}
  m_PrefabInternal: {fileID: 100100000}
  m_GameObject: {fileID: 1154848510220528}
  m_Enabled: 1
  m_EditorHideFlags: 0
  m_Script: {fileID: 11500000, guid: 70c5622b8a80845c980954170295f292, type: 3}
  m_Name: 
  m_EditorClassIdentifier: 
  itemId: 65
  indentLevel: 0
  compareOperator: 0
  variable: {fileID: 114602322593276140}
  booleanData:
    booleanRef: {fileID: 0}
    booleanVal: 1
  integerData:
    integerRef: {fileID: 0}
    integerVal: 0
  floatData:
    floatRef: {fileID: 0}
    floatVal: 0
  stringData:
    stringRef: {fileID: 0}
    stringVal: 
--- !u!114 &114822953681387564
MonoBehaviour:
  m_ObjectHideFlags: 1
  m_PrefabParentObject: {fileID: 0}
  m_PrefabInternal: {fileID: 100100000}
  m_GameObject: {fileID: 1154848510220528}
  m_Enabled: 1
  m_EditorHideFlags: 0
  m_Script: {fileID: 11500000, guid: 3ac5ce55bc698fa4290939ef6e426501, type: 3}
  m_Name: 
  m_EditorClassIdentifier: 
  itemId: 1
  indentLevel: 0
  display: 1
  stage: {fileID: 0}
  character: {fileID: 114129120836519910}
  replacedCharacter: {fileID: 0}
  portrait: {fileID: 21300000, guid: e8a37d1f1c3876140808c756f58f5abd, type: 3}
  offset: 0
  fromPosition: {fileID: 0}
  toPosition: {fileID: 224362739564945104}
  facing: 0
  useDefaultSettings: 1
  fadeDuration: 0.5
  moveDuration: 1
  shiftOffset: {x: 0, y: 0}
  move: 0
  shiftIntoPlace: 0
  waitUntilFinished: 0
--- !u!114 &114824742885986470
MonoBehaviour:
  m_ObjectHideFlags: 1
  m_PrefabParentObject: {fileID: 0}
  m_PrefabInternal: {fileID: 100100000}
  m_GameObject: {fileID: 1154848510220528}
  m_Enabled: 1
  m_EditorHideFlags: 0
  m_Script: {fileID: 11500000, guid: 3ac5ce55bc698fa4290939ef6e426501, type: 3}
  m_Name: 
  m_EditorClassIdentifier: 
  itemId: 27
  indentLevel: 0
  display: 1
  stage: {fileID: 0}
  character: {fileID: 114129120836519910}
  replacedCharacter: {fileID: 0}
  portrait: {fileID: 21300000, guid: e8a37d1f1c3876140808c756f58f5abd, type: 3}
  offset: 0
  fromPosition: {fileID: 0}
  toPosition: {fileID: 224362739564945104}
  facing: 0
  useDefaultSettings: 1
  fadeDuration: 0.5
  moveDuration: 1
  shiftOffset: {x: 0, y: 0}
  move: 0
  shiftIntoPlace: 0
  waitUntilFinished: 0
--- !u!114 &114837628358203182
MonoBehaviour:
  m_ObjectHideFlags: 1
  m_PrefabParentObject: {fileID: 0}
  m_PrefabInternal: {fileID: 100100000}
  m_GameObject: {fileID: 1154848510220528}
  m_Enabled: 1
  m_EditorHideFlags: 0
  m_Script: {fileID: 11500000, guid: ea4da378c47144a86979765ac5e9690c, type: 3}
  m_Name: 
  m_EditorClassIdentifier: 
  itemId: 44
  indentLevel: 0
  key: skip
--- !u!114 &114839187932917904
MonoBehaviour:
  m_ObjectHideFlags: 1
  m_PrefabParentObject: {fileID: 0}
  m_PrefabInternal: {fileID: 100100000}
  m_GameObject: {fileID: 1116875446223532}
  m_Enabled: 1
  m_EditorHideFlags: 0
  m_Script: {fileID: 1301386320, guid: f5f67c52d1564df4a8936ccd202a3bd8, type: 3}
  m_Name: 
  m_EditorClassIdentifier: 
  m_IgnoreReversedGraphics: 1
  m_BlockingObjects: 0
  m_BlockingMask:
    serializedVersion: 2
    m_Bits: 4294967295
--- !u!114 &114842179120277628
MonoBehaviour:
  m_ObjectHideFlags: 1
  m_PrefabParentObject: {fileID: 0}
  m_PrefabInternal: {fileID: 100100000}
  m_GameObject: {fileID: 1154848510220528}
  m_Enabled: 1
  m_EditorHideFlags: 0
  m_Script: {fileID: 11500000, guid: ec422cd568a9c4a31ad7c36d0572b9da, type: 3}
  m_Name: 
  m_EditorClassIdentifier: 
  itemId: 31
  indentLevel: 0
  storyText: "You did.\r"
  description: 
  character: {fileID: 114129120836519910}
  portrait: {fileID: 0}
  voiceOverClip: {fileID: 0}
  showAlways: 1
  showCount: 1
  extendPrevious: 0
  fadeWhenDone: 1
  waitForClick: 1
  stopVoiceover: 1
  setSayDialog: {fileID: 0}
--- !u!114 &114854828092861824
MonoBehaviour:
  m_ObjectHideFlags: 1
  m_PrefabParentObject: {fileID: 0}
  m_PrefabInternal: {fileID: 100100000}
  m_GameObject: {fileID: 1154848510220528}
  m_Enabled: 1
  m_EditorHideFlags: 0
  m_Script: {fileID: 11500000, guid: 17a200dbd67304446a3019434503338a, type: 3}
  m_Name: 
  m_EditorClassIdentifier: 
  itemId: 11
  indentLevel: 0
  targetObject: {fileID: 0}
  methodName: EnableInputLock
  delay: 0
--- !u!114 &114890311714184178
MonoBehaviour:
  m_ObjectHideFlags: 1
  m_PrefabParentObject: {fileID: 0}
  m_PrefabInternal: {fileID: 100100000}
  m_GameObject: {fileID: 1628696165092408}
  m_Enabled: 1
  m_EditorHideFlags: 0
  m_Script: {fileID: 1980459831, guid: f5f67c52d1564df4a8936ccd202a3bd8, type: 3}
  m_Name: 
  m_EditorClassIdentifier: 
  m_UiScaleMode: 1
  m_ReferencePixelsPerUnit: 100
  m_ScaleFactor: 1
  m_ReferenceResolution: {x: 1600, y: 1200}
  m_ScreenMatchMode: 0
  m_MatchWidthOrHeight: 1
  m_PhysicalUnit: 3
  m_FallbackScreenDPI: 96
  m_DefaultSpriteDPI: 96
  m_DynamicPixelsPerUnit: 1
--- !u!114 &114905227112829748
MonoBehaviour:
  m_ObjectHideFlags: 1
  m_PrefabParentObject: {fileID: 0}
  m_PrefabInternal: {fileID: 100100000}
  m_GameObject: {fileID: 1154848510220528}
  m_Enabled: 1
  m_EditorHideFlags: 0
  m_Script: {fileID: 11500000, guid: 93cb9773f2ca04e2bbf7a68ccfc23267, type: 3}
  m_Name: 
  m_EditorClassIdentifier: 
  itemId: 36
  indentLevel: 0
--- !u!114 &114915603670292624
MonoBehaviour:
  m_ObjectHideFlags: 1
  m_PrefabParentObject: {fileID: 0}
  m_PrefabInternal: {fileID: 100100000}
  m_GameObject: {fileID: 1154848510220528}
  m_Enabled: 1
  m_EditorHideFlags: 0
  m_Script: {fileID: 11500000, guid: ec422cd568a9c4a31ad7c36d0572b9da, type: 3}
  m_Name: 
  m_EditorClassIdentifier: 
  itemId: 3
  indentLevel: 0
  storyText: It would be wise to get to her room as fast as we can. Both for the additional
    Essence she is gathering...
  description: 
  character: {fileID: 114129120836519910}
  portrait: {fileID: 0}
  voiceOverClip: {fileID: 0}
  showAlways: 1
  showCount: 1
  extendPrevious: 0
  fadeWhenDone: 1
  waitForClick: 1
  stopVoiceover: 1
  setSayDialog: {fileID: 0}
--- !u!114 &114932656769019432
MonoBehaviour:
  m_ObjectHideFlags: 1
  m_PrefabParentObject: {fileID: 0}
  m_PrefabInternal: {fileID: 100100000}
  m_GameObject: {fileID: 1154848510220528}
  m_Enabled: 1
  m_EditorHideFlags: 0
  m_Script: {fileID: 11500000, guid: ec422cd568a9c4a31ad7c36d0572b9da, type: 3}
  m_Name: 
  m_EditorClassIdentifier: 
  itemId: 30
  indentLevel: 0
  storyText: It seems I was late to the Ceremony. This is unfortunate.
  description: 
  character: {fileID: 114129120836519910}
  portrait: {fileID: 0}
  voiceOverClip: {fileID: 0}
  showAlways: 1
  showCount: 1
  extendPrevious: 0
  fadeWhenDone: 1
  waitForClick: 1
  stopVoiceover: 1
  setSayDialog: {fileID: 0}
--- !u!114 &114942262187491120
MonoBehaviour:
  m_ObjectHideFlags: 1
  m_PrefabParentObject: {fileID: 0}
  m_PrefabInternal: {fileID: 100100000}
  m_GameObject: {fileID: 1154848510220528}
  m_Enabled: 1
  m_EditorHideFlags: 0
  m_Script: {fileID: 11500000, guid: 93cb9773f2ca04e2bbf7a68ccfc23267, type: 3}
  m_Name: 
  m_EditorClassIdentifier: 
  itemId: 67
  indentLevel: 0
--- !u!114 &114957856718974824
MonoBehaviour:
  m_ObjectHideFlags: 1
  m_PrefabParentObject: {fileID: 0}
  m_PrefabInternal: {fileID: 100100000}
  m_GameObject: {fileID: 1154848510220528}
  m_Enabled: 1
  m_EditorHideFlags: 0
  m_Script: {fileID: 11500000, guid: ec422cd568a9c4a31ad7c36d0572b9da, type: 3}
  m_Name: 
  m_EditorClassIdentifier: 
  itemId: 29
  indentLevel: 0
  storyText: Who told you I was here?
  description: 
  character: {fileID: 114395740917076206}
  portrait: {fileID: 0}
  voiceOverClip: {fileID: 0}
  showAlways: 1
  showCount: 1
  extendPrevious: 0
  fadeWhenDone: 1
  waitForClick: 1
  stopVoiceover: 1
  setSayDialog: {fileID: 0}
--- !u!114 &114973082713431114
MonoBehaviour:
  m_ObjectHideFlags: 1
  m_PrefabParentObject: {fileID: 0}
  m_PrefabInternal: {fileID: 100100000}
  m_GameObject: {fileID: 1154848510220528}
  m_Enabled: 1
  m_EditorHideFlags: 0
  m_Script: {fileID: 11500000, guid: ec422cd568a9c4a31ad7c36d0572b9da, type: 3}
  m_Name: 
  m_EditorClassIdentifier: 
  itemId: 48
  indentLevel: 0
  storyText: No, Emir. I am not letting you do this. Not in this timeline, nor the
    next.
  description: 
  character: {fileID: 114395740917076206}
  portrait: {fileID: 0}
  voiceOverClip: {fileID: 0}
  showAlways: 1
  showCount: 1
  extendPrevious: 0
  fadeWhenDone: 1
  waitForClick: 1
  stopVoiceover: 1
  setSayDialog: {fileID: 0}
--- !u!114 &114985338982491636
MonoBehaviour:
  m_ObjectHideFlags: 1
  m_PrefabParentObject: {fileID: 0}
  m_PrefabInternal: {fileID: 100100000}
  m_GameObject: {fileID: 1154848510220528}
  m_Enabled: 1
  m_EditorHideFlags: 0
  m_Script: {fileID: 11500000, guid: 17a200dbd67304446a3019434503338a, type: 3}
  m_Name: 
  m_EditorClassIdentifier: 
  itemId: 51
  indentLevel: 0
  targetObject: {fileID: 0}
  methodName: DisableInputLock
  delay: 0
--- !u!222 &222081412258548414
CanvasRenderer:
  m_ObjectHideFlags: 1
  m_PrefabParentObject: {fileID: 0}
  m_PrefabInternal: {fileID: 100100000}
  m_GameObject: {fileID: 1269903336146752}
--- !u!222 &222180546775966822
CanvasRenderer:
  m_ObjectHideFlags: 1
  m_PrefabParentObject: {fileID: 0}
  m_PrefabInternal: {fileID: 100100000}
  m_GameObject: {fileID: 1190943203799082}
--- !u!222 &222202738513976706
CanvasRenderer:
  m_ObjectHideFlags: 1
  m_PrefabParentObject: {fileID: 0}
  m_PrefabInternal: {fileID: 100100000}
  m_GameObject: {fileID: 1047401899537322}
--- !u!222 &222686843965769422
CanvasRenderer:
  m_ObjectHideFlags: 1
  m_PrefabParentObject: {fileID: 0}
  m_PrefabInternal: {fileID: 100100000}
  m_GameObject: {fileID: 1505218254452618}
--- !u!222 &222780630636828712
CanvasRenderer:
  m_ObjectHideFlags: 1
  m_PrefabParentObject: {fileID: 0}
  m_PrefabInternal: {fileID: 100100000}
  m_GameObject: {fileID: 1965596122496582}
--- !u!222 &222836006589982134
CanvasRenderer:
  m_ObjectHideFlags: 1
  m_PrefabParentObject: {fileID: 0}
  m_PrefabInternal: {fileID: 100100000}
  m_GameObject: {fileID: 1865532660779014}
--- !u!222 &222873025283067288
CanvasRenderer:
  m_ObjectHideFlags: 1
  m_PrefabParentObject: {fileID: 0}
  m_PrefabInternal: {fileID: 100100000}
  m_GameObject: {fileID: 1952091591055062}
--- !u!222 &222929285990628970
CanvasRenderer:
  m_ObjectHideFlags: 1
  m_PrefabParentObject: {fileID: 0}
  m_PrefabInternal: {fileID: 100100000}
  m_GameObject: {fileID: 1343113631309800}
--- !u!222 &222972504280351936
CanvasRenderer:
  m_ObjectHideFlags: 1
  m_PrefabParentObject: {fileID: 0}
  m_PrefabInternal: {fileID: 100100000}
  m_GameObject: {fileID: 1878987762116540}
--- !u!222 &222995180933691728
CanvasRenderer:
  m_ObjectHideFlags: 1
  m_PrefabParentObject: {fileID: 0}
  m_PrefabInternal: {fileID: 100100000}
  m_GameObject: {fileID: 1589352622036462}
--- !u!223 &223113110906323384
Canvas:
  m_ObjectHideFlags: 1
  m_PrefabParentObject: {fileID: 0}
  m_PrefabInternal: {fileID: 100100000}
  m_GameObject: {fileID: 1116875446223532}
  m_Enabled: 1
  serializedVersion: 3
  m_RenderMode: 0
  m_Camera: {fileID: 0}
  m_PlaneDistance: 100
  m_PixelPerfect: 1
  m_ReceivesEvents: 1
  m_OverrideSorting: 0
  m_OverridePixelPerfect: 0
  m_SortingBucketNormalizedSize: 0
  m_AdditionalShaderChannelsFlag: 25
  m_SortingLayerID: 0
  m_SortingOrder: 0
  m_TargetDisplay: 0
--- !u!223 &223164048848813764
Canvas:
  m_ObjectHideFlags: 1
  m_PrefabParentObject: {fileID: 0}
  m_PrefabInternal: {fileID: 100100000}
  m_GameObject: {fileID: 1628696165092408}
  m_Enabled: 1
  serializedVersion: 3
  m_RenderMode: 0
  m_Camera: {fileID: 0}
  m_PlaneDistance: 100
  m_PixelPerfect: 1
  m_ReceivesEvents: 1
  m_OverrideSorting: 0
  m_OverridePixelPerfect: 0
  m_SortingBucketNormalizedSize: 0
  m_AdditionalShaderChannelsFlag: 25
  m_SortingLayerID: 0
  m_SortingOrder: 0
  m_TargetDisplay: 0
--- !u!224 &224113491114591774
RectTransform:
  m_ObjectHideFlags: 1
  m_PrefabParentObject: {fileID: 0}
  m_PrefabInternal: {fileID: 100100000}
  m_GameObject: {fileID: 1952091591055062}
  m_LocalRotation: {x: 0, y: 0, z: 0, w: 1}
  m_LocalPosition: {x: 0, y: 0, z: 0}
  m_LocalScale: {x: 1, y: 1, z: 1}
  m_Children: []
  m_Father: {fileID: 224928142606767790}
  m_RootOrder: 1
  m_LocalEulerAnglesHint: {x: 0, y: 0, z: 0}
  m_AnchorMin: {x: 0.5, y: 1}
  m_AnchorMax: {x: 0.5, y: 1}
  m_AnchoredPosition: {x: -460.43, y: -1000}
  m_SizeDelta: {x: 1000, y: 1000}
  m_Pivot: {x: 0.5, y: 0}
--- !u!224 &224114915434575986
RectTransform:
  m_ObjectHideFlags: 1
  m_PrefabParentObject: {fileID: 0}
  m_PrefabInternal: {fileID: 100100000}
  m_GameObject: {fileID: 1589352622036462}
  m_LocalRotation: {x: 0, y: 0, z: 0, w: 1}
  m_LocalPosition: {x: 0, y: 0, z: 0}
  m_LocalScale: {x: 1, y: 1, z: 1}
  m_Children: []
  m_Father: {fileID: 224139806629794880}
  m_RootOrder: 3
  m_LocalEulerAnglesHint: {x: 0, y: 0, z: 0}
  m_AnchorMin: {x: 0.5, y: 1}
  m_AnchorMax: {x: 0.5, y: 1}
  m_AnchoredPosition: {x: -1300, y: -1000}
  m_SizeDelta: {x: 1000, y: 1000}
  m_Pivot: {x: 0.5, y: 0}
--- !u!224 &224139806629794880
RectTransform:
  m_ObjectHideFlags: 1
  m_PrefabParentObject: {fileID: 0}
  m_PrefabInternal: {fileID: 100100000}
  m_GameObject: {fileID: 1116875446223532}
  m_LocalRotation: {x: 0, y: 0, z: 0, w: 1}
  m_LocalPosition: {x: 0, y: 0, z: 0}
  m_LocalScale: {x: 0, y: 0, z: 0}
  m_Children:
  - {fileID: 224271179436991090}
  - {fileID: 224362739564945104}
  - {fileID: 224214330329517612}
  - {fileID: 224114915434575986}
  - {fileID: 224383776239912866}
  m_Father: {fileID: 4137948993189836}
  m_RootOrder: 0
  m_LocalEulerAnglesHint: {x: 0, y: 0, z: 0}
  m_AnchorMin: {x: 0, y: 0}
  m_AnchorMax: {x: 0, y: 0}
  m_AnchoredPosition: {x: 0, y: 0}
  m_SizeDelta: {x: 0, y: 0}
  m_Pivot: {x: 0, y: 0}
--- !u!224 &224180666372775182
RectTransform:
  m_ObjectHideFlags: 1
  m_PrefabParentObject: {fileID: 0}
  m_PrefabInternal: {fileID: 100100000}
  m_GameObject: {fileID: 1047401899537322}
  m_LocalRotation: {x: 0, y: 0, z: 0, w: 1}
  m_LocalPosition: {x: 0, y: 0, z: 0}
  m_LocalScale: {x: 1, y: 1, z: 1}
  m_Children: []
  m_Father: {fileID: 224928142606767790}
  m_RootOrder: 2
  m_LocalEulerAnglesHint: {x: 0, y: 0, z: 0}
  m_AnchorMin: {x: 0.5, y: 1}
  m_AnchorMax: {x: 0.5, y: 1}
  m_AnchoredPosition: {x: 460.43, y: -1000}
  m_SizeDelta: {x: 1000, y: 1000}
  m_Pivot: {x: 0.5, y: 0}
--- !u!224 &224214330329517612
RectTransform:
  m_ObjectHideFlags: 1
  m_PrefabParentObject: {fileID: 0}
  m_PrefabInternal: {fileID: 100100000}
  m_GameObject: {fileID: 1865532660779014}
  m_LocalRotation: {x: 0, y: 0, z: 0, w: 1}
  m_LocalPosition: {x: 0, y: 0, z: 0}
  m_LocalScale: {x: 1, y: 1, z: 1}
  m_Children: []
  m_Father: {fileID: 224139806629794880}
  m_RootOrder: 2
  m_LocalEulerAnglesHint: {x: 0, y: 0, z: 0}
  m_AnchorMin: {x: 0.5, y: 1}
  m_AnchorMax: {x: 0.5, y: 1}
  m_AnchoredPosition: {x: 460.43, y: -1000}
  m_SizeDelta: {x: 1000, y: 1000}
  m_Pivot: {x: 0.5, y: 0}
--- !u!224 &224271179436991090
RectTransform:
  m_ObjectHideFlags: 1
  m_PrefabParentObject: {fileID: 0}
  m_PrefabInternal: {fileID: 100100000}
  m_GameObject: {fileID: 1269903336146752}
  m_LocalRotation: {x: 0, y: 0, z: 0, w: 1}
  m_LocalPosition: {x: 0, y: 0, z: 0}
  m_LocalScale: {x: 1, y: 1, z: 1}
  m_Children: []
  m_Father: {fileID: 224139806629794880}
  m_RootOrder: 0
  m_LocalEulerAnglesHint: {x: 0, y: 0, z: 0}
  m_AnchorMin: {x: 0.5, y: 1}
  m_AnchorMax: {x: 0.5, y: 1}
  m_AnchoredPosition: {x: 0, y: -1000}
  m_SizeDelta: {x: 1000, y: 1000}
  m_Pivot: {x: 0.5, y: 0}
--- !u!224 &224362739564945104
RectTransform:
  m_ObjectHideFlags: 1
  m_PrefabParentObject: {fileID: 0}
  m_PrefabInternal: {fileID: 100100000}
  m_GameObject: {fileID: 1505218254452618}
  m_LocalRotation: {x: 0, y: 0, z: 0, w: 1}
  m_LocalPosition: {x: 0, y: 0, z: 0}
  m_LocalScale: {x: 1, y: 1, z: 1}
  m_Children: []
  m_Father: {fileID: 224139806629794880}
  m_RootOrder: 1
  m_LocalEulerAnglesHint: {x: 0, y: 0, z: 0}
  m_AnchorMin: {x: 0.5, y: 1}
  m_AnchorMax: {x: 0.5, y: 1}
  m_AnchoredPosition: {x: -460.43, y: -1000}
  m_SizeDelta: {x: 1000, y: 1000}
  m_Pivot: {x: 0.5, y: 0}
--- !u!224 &224383776239912866
RectTransform:
  m_ObjectHideFlags: 1
  m_PrefabParentObject: {fileID: 0}
  m_PrefabInternal: {fileID: 100100000}
  m_GameObject: {fileID: 1343113631309800}
  m_LocalRotation: {x: 0, y: 0, z: 0, w: 1}
  m_LocalPosition: {x: 0, y: 0, z: 0}
  m_LocalScale: {x: 1, y: 1, z: 1}
  m_Children: []
  m_Father: {fileID: 224139806629794880}
  m_RootOrder: 4
  m_LocalEulerAnglesHint: {x: 0, y: 0, z: 0}
  m_AnchorMin: {x: 0.5, y: 1}
  m_AnchorMax: {x: 0.5, y: 1}
  m_AnchoredPosition: {x: 1300, y: -1000}
  m_SizeDelta: {x: 1000, y: 1000}
  m_Pivot: {x: 0.5, y: 0}
--- !u!224 &224456220440288002
RectTransform:
  m_ObjectHideFlags: 1
  m_PrefabParentObject: {fileID: 0}
  m_PrefabInternal: {fileID: 100100000}
  m_GameObject: {fileID: 1965596122496582}
  m_LocalRotation: {x: 0, y: 0, z: 0, w: 1}
  m_LocalPosition: {x: 0, y: 0, z: 0}
  m_LocalScale: {x: 1, y: 1, z: 1}
  m_Children: []
  m_Father: {fileID: 224928142606767790}
  m_RootOrder: 3
  m_LocalEulerAnglesHint: {x: 0, y: 0, z: 0}
  m_AnchorMin: {x: 0.5, y: 1}
  m_AnchorMax: {x: 0.5, y: 1}
  m_AnchoredPosition: {x: -1300, y: -1000}
  m_SizeDelta: {x: 1000, y: 1000}
  m_Pivot: {x: 0.5, y: 0}
--- !u!224 &224565897285312506
RectTransform:
  m_ObjectHideFlags: 1
  m_PrefabParentObject: {fileID: 0}
  m_PrefabInternal: {fileID: 100100000}
  m_GameObject: {fileID: 1878987762116540}
  m_LocalRotation: {x: 0, y: 0, z: 0, w: 1}
  m_LocalPosition: {x: 0, y: 0, z: 0}
  m_LocalScale: {x: 1, y: 1, z: 1}
  m_Children: []
  m_Father: {fileID: 224928142606767790}
  m_RootOrder: 0
  m_LocalEulerAnglesHint: {x: 0, y: 0, z: 0}
  m_AnchorMin: {x: 0.5, y: 1}
  m_AnchorMax: {x: 0.5, y: 1}
  m_AnchoredPosition: {x: 0, y: -1000}
  m_SizeDelta: {x: 1000, y: 1000}
  m_Pivot: {x: 0.5, y: 0}
--- !u!224 &224928142606767790
RectTransform:
  m_ObjectHideFlags: 1
  m_PrefabParentObject: {fileID: 0}
  m_PrefabInternal: {fileID: 100100000}
  m_GameObject: {fileID: 1628696165092408}
  m_LocalRotation: {x: 0, y: 0, z: 0, w: 1}
  m_LocalPosition: {x: 0, y: 0, z: 0}
  m_LocalScale: {x: 0, y: 0, z: 0}
  m_Children:
  - {fileID: 224565897285312506}
  - {fileID: 224113491114591774}
  - {fileID: 224180666372775182}
  - {fileID: 224456220440288002}
  - {fileID: 224945631074800538}
  m_Father: {fileID: 4137948993189836}
  m_RootOrder: 1
  m_LocalEulerAnglesHint: {x: 0, y: 0, z: 0}
  m_AnchorMin: {x: 0, y: 0}
  m_AnchorMax: {x: 0, y: 0}
  m_AnchoredPosition: {x: 0, y: 0}
  m_SizeDelta: {x: 0, y: 0}
  m_Pivot: {x: 0, y: 0}
--- !u!224 &224945631074800538
RectTransform:
  m_ObjectHideFlags: 1
  m_PrefabParentObject: {fileID: 0}
  m_PrefabInternal: {fileID: 100100000}
  m_GameObject: {fileID: 1190943203799082}
  m_LocalRotation: {x: 0, y: 0, z: 0, w: 1}
  m_LocalPosition: {x: 0, y: 0, z: 0}
  m_LocalScale: {x: 1, y: 1, z: 1}
  m_Children: []
  m_Father: {fileID: 224928142606767790}
  m_RootOrder: 4
  m_LocalEulerAnglesHint: {x: 0, y: 0, z: 0}
  m_AnchorMin: {x: 0.5, y: 1}
  m_AnchorMax: {x: 0.5, y: 1}
  m_AnchoredPosition: {x: 1300, y: -1000}
  m_SizeDelta: {x: 1000, y: 1000}
  m_Pivot: {x: 0.5, y: 0}
--- !u!225 &225515058845351956
CanvasGroup:
  m_ObjectHideFlags: 1
  m_PrefabParentObject: {fileID: 0}
  m_PrefabInternal: {fileID: 100100000}
  m_GameObject: {fileID: 1628696165092408}
  m_Enabled: 1
  m_Alpha: 1
  m_Interactable: 1
  m_BlocksRaycasts: 0
  m_IgnoreParentGroups: 0
--- !u!225 &225527369028922672
CanvasGroup:
  m_ObjectHideFlags: 1
  m_PrefabParentObject: {fileID: 0}
  m_PrefabInternal: {fileID: 100100000}
  m_GameObject: {fileID: 1116875446223532}
  m_Enabled: 1
  m_Alpha: 1
  m_Interactable: 1
  m_BlocksRaycasts: 0
  m_IgnoreParentGroups: 0
