%YAML 1.1
%TAG !u! tag:unity3d.com,2011:
--- !u!1001 &100100000
Prefab:
  m_ObjectHideFlags: 1
  serializedVersion: 2
  m_Modification:
    m_TransformParent: {fileID: 0}
    m_Modifications: []
    m_RemovedComponents: []
  m_ParentPrefab: {fileID: 0}
  m_RootGameObject: {fileID: 1479963862296066}
  m_IsPrefabParent: 1
--- !u!1 &1449908587381064
GameObject:
  m_ObjectHideFlags: 0
  m_PrefabParentObject: {fileID: 0}
  m_PrefabInternal: {fileID: 100100000}
  serializedVersion: 5
  m_Component:
  - component: {fileID: 4206042884370740}
  - component: {fileID: 23416577233111366}
  - component: {fileID: 33999423543346306}
  - component: {fileID: 114062626656865238}
  m_Layer: 9
  m_Name: UnitBase
  m_TagString: Untagged
  m_Icon: {fileID: 0}
  m_NavMeshLayer: 0
  m_StaticEditorFlags: 0
  m_IsActive: 1
--- !u!1 &1479963862296066
GameObject:
  m_ObjectHideFlags: 0
  m_PrefabParentObject: {fileID: 0}
  m_PrefabInternal: {fileID: 100100000}
  serializedVersion: 5
  m_Component:
  - component: {fileID: 4536480254332408}
  - component: {fileID: 64670471382348314}
  - component: {fileID: 114704267329483242}
  - component: {fileID: 143644388565356356}
  - component: {fileID: 114429530457911684}
  - component: {fileID: 114374002964168152}
  - component: {fileID: 114270886340504200}
  - component: {fileID: 54295986099829422}
  - component: {fileID: 114529419854542950}
  - component: {fileID: 114548738748889498}
  - component: {fileID: 114562884015946050}
  m_Layer: 9
  m_Name: Lv1Spider
  m_TagString: Enemy
  m_Icon: {fileID: 0}
  m_NavMeshLayer: 0
  m_StaticEditorFlags: 0
  m_IsActive: 1
--- !u!1 &1967820013998836
GameObject:
  m_ObjectHideFlags: 0
  m_PrefabParentObject: {fileID: 0}
  m_PrefabInternal: {fileID: 100100000}
  serializedVersion: 5
  m_Component:
  - component: {fileID: 4644268292407826}
  - component: {fileID: 33281737585946638}
  - component: {fileID: 23767205962413900}
  - component: {fileID: 95766490787786292}
  - component: {fileID: 65249711153447482}
  m_Layer: 9
  m_Name: Spider
  m_TagString: Enemy
  m_Icon: {fileID: 0}
  m_NavMeshLayer: 0
  m_StaticEditorFlags: 0
  m_IsActive: 1
--- !u!4 &4206042884370740
Transform:
  m_ObjectHideFlags: 1
  m_PrefabParentObject: {fileID: 0}
  m_PrefabInternal: {fileID: 100100000}
  m_GameObject: {fileID: 1449908587381064}
  m_LocalRotation: {x: 0, y: 0, z: 0, w: 1}
  m_LocalPosition: {x: 0, y: 0, z: 0}
  m_LocalScale: {x: 1, y: 1, z: 1}
  m_Children: []
  m_Father: {fileID: 4536480254332408}
  m_RootOrder: 0
  m_LocalEulerAnglesHint: {x: 0, y: 0, z: 0}
--- !u!4 &4536480254332408
Transform:
  m_ObjectHideFlags: 1
  m_PrefabParentObject: {fileID: 0}
  m_PrefabInternal: {fileID: 100100000}
  m_GameObject: {fileID: 1479963862296066}
  m_LocalRotation: {x: -0, y: -0.9922676, z: -0, w: -0.1241175}
  m_LocalPosition: {x: 28.57, y: -2.496335e-16, z: 10.29}
  m_LocalScale: {x: 1, y: 1, z: 1}
  m_Children:
  - {fileID: 4206042884370740}
  - {fileID: 4644268292407826}
  m_Father: {fileID: 0}
  m_RootOrder: 0
  m_LocalEulerAnglesHint: {x: 0, y: -194.26, z: 0}
--- !u!4 &4644268292407826
Transform:
  m_ObjectHideFlags: 1
  m_PrefabParentObject: {fileID: 0}
  m_PrefabInternal: {fileID: 100100000}
  m_GameObject: {fileID: 1967820013998836}
  m_LocalRotation: {x: -0, y: -0, z: -0, w: 1}
  m_LocalPosition: {x: 0, y: 0.77, z: 0}
  m_LocalScale: {x: 2, y: 2, z: 2}
  m_Children: []
  m_Father: {fileID: 4536480254332408}
  m_RootOrder: 1
  m_LocalEulerAnglesHint: {x: 0, y: 0, z: 0}
--- !u!23 &23416577233111366
MeshRenderer:
  m_ObjectHideFlags: 1
  m_PrefabParentObject: {fileID: 0}
  m_PrefabInternal: {fileID: 100100000}
  m_GameObject: {fileID: 1449908587381064}
  m_Enabled: 1
  m_CastShadows: 1
  m_ReceiveShadows: 1
  m_MotionVectors: 1
  m_LightProbeUsage: 1
  m_ReflectionProbeUsage: 1
  m_Materials:
  - {fileID: 2100000, guid: 6a1dca309ef94ad45b4c5929f93a9f87, type: 2}
  m_StaticBatchInfo:
    firstSubMesh: 0
    subMeshCount: 0
  m_StaticBatchRoot: {fileID: 0}
  m_ProbeAnchor: {fileID: 0}
  m_LightProbeVolumeOverride: {fileID: 0}
  m_ScaleInLightmap: 1
  m_PreserveUVs: 0
  m_IgnoreNormalsForChartDetection: 0
  m_ImportantGI: 0
  m_SelectedEditorRenderState: 3
  m_MinimumChartSize: 4
  m_AutoUVMaxDistance: 0.5
  m_AutoUVMaxAngle: 89
  m_LightmapParameters: {fileID: 0}
  m_SortingLayerID: 0
  m_SortingLayer: 0
  m_SortingOrder: 0
--- !u!23 &23767205962413900
MeshRenderer:
  m_ObjectHideFlags: 1
  m_PrefabParentObject: {fileID: 0}
  m_PrefabInternal: {fileID: 100100000}
  m_GameObject: {fileID: 1967820013998836}
  m_Enabled: 1
  m_CastShadows: 1
  m_ReceiveShadows: 1
  m_MotionVectors: 1
  m_LightProbeUsage: 1
  m_ReflectionProbeUsage: 1
  m_Materials:
  - {fileID: 2100000, guid: 170e7b5b311d5e640872c1dcd6083b1f, type: 2}
  m_StaticBatchInfo:
    firstSubMesh: 0
    subMeshCount: 0
  m_StaticBatchRoot: {fileID: 0}
  m_ProbeAnchor: {fileID: 0}
  m_LightProbeVolumeOverride: {fileID: 0}
  m_ScaleInLightmap: 1
  m_PreserveUVs: 0
  m_IgnoreNormalsForChartDetection: 0
  m_ImportantGI: 0
  m_SelectedEditorRenderState: 3
  m_MinimumChartSize: 4
  m_AutoUVMaxDistance: 0.5
  m_AutoUVMaxAngle: 89
  m_LightmapParameters: {fileID: 0}
  m_SortingLayerID: 0
  m_SortingLayer: 0
  m_SortingOrder: 0
--- !u!33 &33281737585946638
MeshFilter:
  m_ObjectHideFlags: 1
  m_PrefabParentObject: {fileID: 0}
  m_PrefabInternal: {fileID: 100100000}
  m_GameObject: {fileID: 1967820013998836}
  m_Mesh: {fileID: 4300000, guid: 6fed5e867fbf4ff43bc4a489080dc68d, type: 3}
--- !u!33 &33999423543346306
MeshFilter:
  m_ObjectHideFlags: 1
  m_PrefabParentObject: {fileID: 0}
  m_PrefabInternal: {fileID: 100100000}
  m_GameObject: {fileID: 1449908587381064}
  m_Mesh: {fileID: 4300004, guid: 0a7e0c61a149ac84f85ed728134896a1, type: 3}
--- !u!54 &54295986099829422
Rigidbody:
  m_ObjectHideFlags: 1
  m_PrefabParentObject: {fileID: 0}
  m_PrefabInternal: {fileID: 100100000}
  m_GameObject: {fileID: 1479963862296066}
  serializedVersion: 2
  m_Mass: 1
  m_Drag: 0
  m_AngularDrag: 0.05
  m_UseGravity: 1
  m_IsKinematic: 1
  m_Interpolate: 0
  m_Constraints: 0
  m_CollisionDetection: 0
--- !u!64 &64670471382348314
MeshCollider:
  m_ObjectHideFlags: 1
  m_PrefabParentObject: {fileID: 0}
  m_PrefabInternal: {fileID: 100100000}
  m_GameObject: {fileID: 1479963862296066}
  m_Material: {fileID: 0}
  m_IsTrigger: 0
  m_Enabled: 0
  serializedVersion: 2
  m_Convex: 0
  m_InflateMesh: 0
  m_SkinWidth: 0.01
  m_Mesh: {fileID: 4300004, guid: 00cbbf47caf295c4781f4b0ee22746f9, type: 3}
--- !u!65 &65249711153447482
BoxCollider:
  m_ObjectHideFlags: 1
  m_PrefabParentObject: {fileID: 0}
  m_PrefabInternal: {fileID: 100100000}
  m_GameObject: {fileID: 1967820013998836}
  m_Material: {fileID: 0}
  m_IsTrigger: 0
  m_Enabled: 1
  serializedVersion: 2
  m_Size: {x: 0.37, y: 0.23, z: 0.42}
  m_Center: {x: 0, y: 0, z: 0}
--- !u!95 &95766490787786292
Animator:
  serializedVersion: 3
  m_ObjectHideFlags: 1
  m_PrefabParentObject: {fileID: 0}
  m_PrefabInternal: {fileID: 100100000}
  m_GameObject: {fileID: 1967820013998836}
  m_Enabled: 1
  m_Avatar: {fileID: 9000000, guid: 6fed5e867fbf4ff43bc4a489080dc68d, type: 3}
  m_Controller: {fileID: 0}
  m_CullingMode: 0
  m_UpdateMode: 0
  m_ApplyRootMotion: 0
  m_LinearVelocityBlending: 0
  m_WarningMessage: 
  m_HasTransformHierarchy: 1
  m_AllowConstantClipSamplingOptimization: 1
--- !u!114 &114062626656865238
MonoBehaviour:
  m_ObjectHideFlags: 1
  m_PrefabParentObject: {fileID: 0}
  m_PrefabInternal: {fileID: 100100000}
  m_GameObject: {fileID: 1449908587381064}
  m_Enabled: 1
  m_EditorHideFlags: 0
  m_Script: {fileID: 11500000, guid: b8c77949af168094ebf010f706af3d99, type: 3}
  m_Name: 
  m_EditorClassIdentifier: 
--- !u!114 &114270886340504200
MonoBehaviour:
  m_ObjectHideFlags: 1
  m_PrefabParentObject: {fileID: 0}
  m_PrefabInternal: {fileID: 100100000}
  m_GameObject: {fileID: 1479963862296066}
  m_Enabled: 1
  m_EditorHideFlags: 0
  m_Script: {fileID: 11500000, guid: 2e2ec55342c18d042b119036bd847e22, type: 3}
  m_Name: 
  m_EditorClassIdentifier: 
  bar: {fileID: 114841405288972312, guid: 02630378ad42fb24d9d0e246086b855f, type: 2}
  worldCanvas: {fileID: 0}
--- !u!114 &114374002964168152
MonoBehaviour:
  m_ObjectHideFlags: 1
  m_PrefabParentObject: {fileID: 0}
  m_PrefabInternal: {fileID: 100100000}
  m_GameObject: {fileID: 1479963862296066}
  m_Enabled: 1
  m_EditorHideFlags: 0
  m_Script: {fileID: 11500000, guid: 2aed6ee01c163754498554890d7cffaa, type: 3}
  m_Name: 
  m_EditorClassIdentifier: 
  spinDuration: 0.5
  targetRotation: {x: 0, y: 0, z: 0.5, w: 0}
--- !u!114 &114429530457911684
MonoBehaviour:
  m_ObjectHideFlags: 1
  m_PrefabParentObject: {fileID: 0}
  m_PrefabInternal: {fileID: 100100000}
  m_GameObject: {fileID: 1479963862296066}
  m_Enabled: 1
  m_EditorHideFlags: 0
  m_Script: {fileID: 11500000, guid: 3880fe621da58784c9a3d779279ce880, type: 3}
  m_Name: 
  m_EditorClassIdentifier: 
  unitName: Spider_Spitting
  stats:
    HP: 40
    maxHP: 40
    attackRange: 2
    damageRange:
      min: 10
      max: 20
    accuracy: 50
    dodge: 0
    defence: 0
    crit: 0
    actionPoints: 9
    moveSpeed: 9
    visionRange: 10
    currentExp: 0
    essenceValue: 10
    expValue: 10
    unitLevel: 0
    skillPoints: 0
  lvlStats:
    HP: 100
    maxHP: 100
    attackRange: 1
    damageRange:
      min: 10
      max: 20
    accuracy: 50
    dodge: 0
    defence: 0
    crit: 0
    actionPoints: 9
    moveSpeed: 5
    visionRange: 10
    currentExp: 0
    essenceValue: 10
    expValue: 10
    unitLevel: 0
    skillPoints: 0
  attackTargets: []
  abilityList:
  - {fileID: 11400000, guid: efc8ff5ebc62a8d45b9b93cf92e25d79, type: 2}
  - {fileID: 11400000, guid: 6d6b38c578085994f958977a7ebe237b, type: 2}
  abilities: []
  unitType: 2
  unitIcon: {fileID: 0}
  currentPosition: {x: 0, y: 0, z: 0}
  isDead: 0
  groundOffset: 0.5
  followingPath: 0
  activeColour: {r: 0, g: 1, b: 0, a: 1}
  inactiveColour: {r: 0.5, g: 0.5, b: 0.5, a: 1}
  finishedColour: {r: 1, g: 0, b: 0, a: 1}
  unitUI: {fileID: 0}
  currentTarget: {fileID: 0}
  actionValue: 0
  executingAction: 0
  alertRadius: 15
  activated: 0
--- !u!114 &114529419854542950
MonoBehaviour:
  m_ObjectHideFlags: 1
  m_PrefabParentObject: {fileID: 0}
  m_PrefabInternal: {fileID: 100100000}
  m_GameObject: {fileID: 1479963862296066}
  m_Enabled: 1
  m_EditorHideFlags: 0
  m_Script: {fileID: 11500000, guid: c655ecb1a7b210d449faeca0392854ab, type: 3}
  m_Name: 
  m_EditorClassIdentifier: 
  tooltipInfo: 
--- !u!114 &114548738748889498
MonoBehaviour:
  m_ObjectHideFlags: 1
  m_PrefabParentObject: {fileID: 0}
  m_PrefabInternal: {fileID: 100100000}
  m_GameObject: {fileID: 1479963862296066}
  m_Enabled: 1
  m_EditorHideFlags: 0
  m_Script: {fileID: 11500000, guid: a558d735e16b2a347a1ec2519ae43730, type: 3}
  m_Name: 
  m_EditorClassIdentifier: 
--- !u!114 &114562884015946050
MonoBehaviour:
  m_ObjectHideFlags: 1
  m_PrefabParentObject: {fileID: 0}
  m_PrefabInternal: {fileID: 100100000}
  m_GameObject: {fileID: 1479963862296066}
  m_Enabled: 1
  m_EditorHideFlags: 0
  m_Script: {fileID: 11500000, guid: b01344dcf3fcca84bb082551d138bfbb, type: 3}
  m_Name: 
  m_EditorClassIdentifier: 
  mouseOver: 0
  highlighted: 0
--- !u!114 &114704267329483242
MonoBehaviour:
  m_ObjectHideFlags: 1
  m_PrefabParentObject: {fileID: 0}
  m_PrefabInternal: {fileID: 100100000}
  m_GameObject: {fileID: 1479963862296066}
  m_Enabled: 1
  m_EditorHideFlags: 0
  m_Script: {fileID: 11500000, guid: b01344dcf3fcca84bb082551d138bfbb, type: 3}
  m_Name: 
  m_EditorClassIdentifier: 
  mouseOver: 0
  highlighted: 0
--- !u!143 &143644388565356356
CharacterController:
  m_ObjectHideFlags: 1
  m_PrefabParentObject: {fileID: 0}
  m_PrefabInternal: {fileID: 100100000}
  m_GameObject: {fileID: 1479963862296066}
  m_Material: {fileID: 0}
  m_IsTrigger: 0
  m_Enabled: 1
  serializedVersion: 2
  m_Height: 0.51954913
  m_Radius: 0
  m_SlopeLimit: 45
  m_StepOffset: 0.3
  m_SkinWidth: 0.08
  m_MinMoveDistance: 0.001
  m_Center: {x: 0, y: 0.53, z: 0}
