%YAML 1.1
%TAG !u! tag:unity3d.com,2011:
--- !u!1001 &100100000
Prefab:
  m_ObjectHideFlags: 1
  serializedVersion: 2
  m_Modification:
    m_TransformParent: {fileID: 0}
    m_Modifications: []
    m_RemovedComponents: []
  m_ParentPrefab: {fileID: 0}
  m_RootGameObject: {fileID: 1828425839081412}
  m_IsPrefabParent: 1
--- !u!1 &1017513508986540
GameObject:
  m_ObjectHideFlags: 1
  m_PrefabParentObject: {fileID: 0}
  m_PrefabInternal: {fileID: 100100000}
  serializedVersion: 5
  m_Component:
  - component: {fileID: 4008236925383294}
  m_Layer: 0
  m_Name: joint4
  m_TagString: Untagged
  m_Icon: {fileID: 0}
  m_NavMeshLayer: 0
  m_StaticEditorFlags: 0
  m_IsActive: 1
--- !u!1 &1041480477295876
GameObject:
  m_ObjectHideFlags: 1
  m_PrefabParentObject: {fileID: 0}
  m_PrefabInternal: {fileID: 100100000}
  serializedVersion: 5
  m_Component:
  - component: {fileID: 4627146214689820}
  m_Layer: 0
  m_Name: Rig_Cleaned_and_scaled_down:Character2_Spine1
  m_TagString: Untagged
  m_Icon: {fileID: 0}
  m_NavMeshLayer: 0
  m_StaticEditorFlags: 0
  m_IsActive: 1
--- !u!1 &1057588896382114
GameObject:
  m_ObjectHideFlags: 1
  m_PrefabParentObject: {fileID: 0}
  m_PrefabInternal: {fileID: 100100000}
  serializedVersion: 5
  m_Component:
  - component: {fileID: 4527722727624020}
  m_Layer: 0
  m_Name: Rig_Cleaned_and_scaled_down:Character2_LeftHandThumb4
  m_TagString: Untagged
  m_Icon: {fileID: 0}
  m_NavMeshLayer: 0
  m_StaticEditorFlags: 0
  m_IsActive: 1
--- !u!1 &1069875149431558
GameObject:
  m_ObjectHideFlags: 1
  m_PrefabParentObject: {fileID: 0}
  m_PrefabInternal: {fileID: 100100000}
  serializedVersion: 5
  m_Component:
  - component: {fileID: 4049186753076726}
  - component: {fileID: 33543236433128838}
  - component: {fileID: 23834651193824116}
  - component: {fileID: 65755833285652526}
  - component: {fileID: 54959321136654450}
  m_Layer: 0
  m_Name: Weapon_DoubleEdgesStraightSword
  m_TagString: Untagged
  m_Icon: {fileID: 0}
  m_NavMeshLayer: 0
  m_StaticEditorFlags: 0
  m_IsActive: 1
--- !u!1 &1074292481737288
GameObject:
  m_ObjectHideFlags: 1
  m_PrefabParentObject: {fileID: 0}
  m_PrefabInternal: {fileID: 100100000}
  serializedVersion: 5
  m_Component:
  - component: {fileID: 4042109064791170}
  m_Layer: 0
  m_Name: Rig_Cleaned_and_scaled_down:Character2_LeftHandRing4
  m_TagString: Untagged
  m_Icon: {fileID: 0}
  m_NavMeshLayer: 0
  m_StaticEditorFlags: 0
  m_IsActive: 1
--- !u!1 &1123556757875892
GameObject:
  m_ObjectHideFlags: 0
  m_PrefabParentObject: {fileID: 0}
  m_PrefabInternal: {fileID: 100100000}
  serializedVersion: 5
  m_Component:
  - component: {fileID: 4590675889100776}
  - component: {fileID: 95630117918250364}
  m_Layer: 9
  m_Name: Animator
  m_TagString: Untagged
  m_Icon: {fileID: 0}
  m_NavMeshLayer: 0
  m_StaticEditorFlags: 0
  m_IsActive: 1
--- !u!1 &1134375756311160
GameObject:
  m_ObjectHideFlags: 1
  m_PrefabParentObject: {fileID: 0}
  m_PrefabInternal: {fileID: 100100000}
  serializedVersion: 5
  m_Component:
  - component: {fileID: 4755799812838998}
  m_Layer: 0
  m_Name: Rig_Cleaned_and_scaled_down:Character2_Hips
  m_TagString: Untagged
  m_Icon: {fileID: 0}
  m_NavMeshLayer: 0
  m_StaticEditorFlags: 0
  m_IsActive: 1
--- !u!1 &1137186222384286
GameObject:
  m_ObjectHideFlags: 1
  m_PrefabParentObject: {fileID: 0}
  m_PrefabInternal: {fileID: 100100000}
  serializedVersion: 5
  m_Component:
  - component: {fileID: 4040359932300696}
  m_Layer: 0
  m_Name: Rig_Cleaned_and_scaled_down:Character2_Reference
  m_TagString: Untagged
  m_Icon: {fileID: 0}
  m_NavMeshLayer: 0
  m_StaticEditorFlags: 0
  m_IsActive: 1
--- !u!1 &1145597761528880
GameObject:
  m_ObjectHideFlags: 1
  m_PrefabParentObject: {fileID: 0}
  m_PrefabInternal: {fileID: 100100000}
  serializedVersion: 5
  m_Component:
  - component: {fileID: 4728951156190958}
  - component: {fileID: 95753260618866646}
  m_Layer: 0
  m_Name: Mesh_Knight02_SwordnShield
  m_TagString: Untagged
  m_Icon: {fileID: 0}
  m_NavMeshLayer: 0
  m_StaticEditorFlags: 0
  m_IsActive: 1
--- !u!1 &1149791027347048
GameObject:
  m_ObjectHideFlags: 1
  m_PrefabParentObject: {fileID: 0}
  m_PrefabInternal: {fileID: 100100000}
  serializedVersion: 5
  m_Component:
  - component: {fileID: 4375216801717564}
  - component: {fileID: 137426975072784658}
  - component: {fileID: 114532261231788834}
  m_Layer: 0
  m_Name: knight_guy_low_uv_d:hands_and_face5
  m_TagString: Untagged
  m_Icon: {fileID: 0}
  m_NavMeshLayer: 0
  m_StaticEditorFlags: 0
  m_IsActive: 1
--- !u!1 &1165148755320254
GameObject:
  m_ObjectHideFlags: 1
  m_PrefabParentObject: {fileID: 0}
  m_PrefabInternal: {fileID: 100100000}
  serializedVersion: 5
  m_Component:
  - component: {fileID: 4747259494266258}
  m_Layer: 0
  m_Name: Rig_Cleaned_and_scaled_down:Character2_RightForeArm
  m_TagString: Untagged
  m_Icon: {fileID: 0}
  m_NavMeshLayer: 0
  m_StaticEditorFlags: 0
  m_IsActive: 1
--- !u!1 &1166316235579476
GameObject:
  m_ObjectHideFlags: 1
  m_PrefabParentObject: {fileID: 0}
  m_PrefabInternal: {fileID: 100100000}
  serializedVersion: 5
  m_Component:
  - component: {fileID: 4244577970606928}
  m_Layer: 0
  m_Name: Rig_Cleaned_and_scaled_down:head_Top
  m_TagString: Untagged
  m_Icon: {fileID: 0}
  m_NavMeshLayer: 0
  m_StaticEditorFlags: 0
  m_IsActive: 1
--- !u!1 &1181121288107932
GameObject:
  m_ObjectHideFlags: 1
  m_PrefabParentObject: {fileID: 0}
  m_PrefabInternal: {fileID: 100100000}
  serializedVersion: 5
  m_Component:
  - component: {fileID: 4392761083783334}
  m_Layer: 0
  m_Name: Rig_Cleaned_and_scaled_down:Character2_LeftHandMiddle1
  m_TagString: Untagged
  m_Icon: {fileID: 0}
  m_NavMeshLayer: 0
  m_StaticEditorFlags: 0
  m_IsActive: 1
--- !u!1 &1212307014211592
GameObject:
  m_ObjectHideFlags: 1
  m_PrefabParentObject: {fileID: 0}
  m_PrefabInternal: {fileID: 100100000}
  serializedVersion: 5
  m_Component:
  - component: {fileID: 4873263184664818}
  m_Layer: 0
  m_Name: Rig_Cleaned_and_scaled_down:Character2_LeftHandMiddle3
  m_TagString: Untagged
  m_Icon: {fileID: 0}
  m_NavMeshLayer: 0
  m_StaticEditorFlags: 0
  m_IsActive: 1
--- !u!1 &1231174114599762
GameObject:
  m_ObjectHideFlags: 1
  m_PrefabParentObject: {fileID: 0}
  m_PrefabInternal: {fileID: 100100000}
  serializedVersion: 5
  m_Component:
  - component: {fileID: 4981711559292864}
  m_Layer: 0
  m_Name: Rig_Cleaned_and_scaled_down:Character2_RightFoot
  m_TagString: Untagged
  m_Icon: {fileID: 0}
  m_NavMeshLayer: 0
  m_StaticEditorFlags: 0
  m_IsActive: 1
--- !u!1 &1238261174758554
GameObject:
  m_ObjectHideFlags: 1
  m_PrefabParentObject: {fileID: 0}
  m_PrefabInternal: {fileID: 100100000}
  serializedVersion: 5
  m_Component:
  - component: {fileID: 4451841293225794}
  m_Layer: 0
  m_Name: Rig_Cleaned_and_scaled_down:Character2_RightHandRing2
  m_TagString: Untagged
  m_Icon: {fileID: 0}
  m_NavMeshLayer: 0
  m_StaticEditorFlags: 0
  m_IsActive: 1
--- !u!1 &1274325282173324
GameObject:
  m_ObjectHideFlags: 1
  m_PrefabParentObject: {fileID: 0}
  m_PrefabInternal: {fileID: 100100000}
  serializedVersion: 5
  m_Component:
  - component: {fileID: 4098656715131502}
  m_Layer: 0
  m_Name: Rig_Cleaned_and_scaled_down:Character2_LeftHandIndex4
  m_TagString: Untagged
  m_Icon: {fileID: 0}
  m_NavMeshLayer: 0
  m_StaticEditorFlags: 0
  m_IsActive: 1
--- !u!1 &1276088932676536
GameObject:
  m_ObjectHideFlags: 1
  m_PrefabParentObject: {fileID: 0}
  m_PrefabInternal: {fileID: 100100000}
  serializedVersion: 5
  m_Component:
  - component: {fileID: 4970104702318376}
  m_Layer: 0
  m_Name: Rig_Cleaned_and_scaled_down:Character2_RightHandIndex1
  m_TagString: Untagged
  m_Icon: {fileID: 0}
  m_NavMeshLayer: 0
  m_StaticEditorFlags: 0
  m_IsActive: 1
--- !u!1 &1295253757200968
GameObject:
  m_ObjectHideFlags: 1
  m_PrefabParentObject: {fileID: 0}
  m_PrefabInternal: {fileID: 100100000}
  serializedVersion: 5
  m_Component:
  - component: {fileID: 4398447319692734}
  m_Layer: 0
  m_Name: Rig_Cleaned_and_scaled_down:Character2_LeftHandRing3
  m_TagString: Untagged
  m_Icon: {fileID: 0}
  m_NavMeshLayer: 0
  m_StaticEditorFlags: 0
  m_IsActive: 1
--- !u!1 &1316470378675000
GameObject:
  m_ObjectHideFlags: 1
  m_PrefabParentObject: {fileID: 0}
  m_PrefabInternal: {fileID: 100100000}
  serializedVersion: 5
  m_Component:
  - component: {fileID: 4816907315768306}
  m_Layer: 0
  m_Name: Rig_Cleaned_and_scaled_down:Character2_LeftForeArm
  m_TagString: Untagged
  m_Icon: {fileID: 0}
  m_NavMeshLayer: 0
  m_StaticEditorFlags: 0
  m_IsActive: 1
--- !u!1 &1336857532672078
GameObject:
  m_ObjectHideFlags: 1
  m_PrefabParentObject: {fileID: 0}
  m_PrefabInternal: {fileID: 100100000}
  serializedVersion: 5
  m_Component:
  - component: {fileID: 4664100875629956}
  m_Layer: 0
  m_Name: Rig_Cleaned_and_scaled_down:Character2_RightHandMiddle1
  m_TagString: Untagged
  m_Icon: {fileID: 0}
  m_NavMeshLayer: 0
  m_StaticEditorFlags: 0
  m_IsActive: 1
--- !u!1 &1358303828551954
GameObject:
  m_ObjectHideFlags: 1
  m_PrefabParentObject: {fileID: 0}
  m_PrefabInternal: {fileID: 100100000}
  serializedVersion: 5
  m_Component:
  - component: {fileID: 4218644879892344}
  m_Layer: 0
  m_Name: Rig_Cleaned_and_scaled_down:Character2_LeftShoulder
  m_TagString: Untagged
  m_Icon: {fileID: 0}
  m_NavMeshLayer: 0
  m_StaticEditorFlags: 0
  m_IsActive: 1
--- !u!1 &1382320773803126
GameObject:
  m_ObjectHideFlags: 1
  m_PrefabParentObject: {fileID: 0}
  m_PrefabInternal: {fileID: 100100000}
  serializedVersion: 5
  m_Component:
  - component: {fileID: 4790456093669010}
  m_Layer: 0
  m_Name: Rig_Cleaned_and_scaled_down:Character2_RightHandThumb3
  m_TagString: Untagged
  m_Icon: {fileID: 0}
  m_NavMeshLayer: 0
  m_StaticEditorFlags: 0
  m_IsActive: 1
--- !u!1 &1411230078460060
GameObject:
  m_ObjectHideFlags: 1
  m_PrefabParentObject: {fileID: 0}
  m_PrefabInternal: {fileID: 100100000}
  serializedVersion: 5
  m_Component:
  - component: {fileID: 4373860232644820}
  m_Layer: 0
  m_Name: Rig_Cleaned_and_scaled_down:Character2_RightShoulder
  m_TagString: Untagged
  m_Icon: {fileID: 0}
  m_NavMeshLayer: 0
  m_StaticEditorFlags: 0
  m_IsActive: 1
--- !u!1 &1428039470345296
GameObject:
  m_ObjectHideFlags: 1
  m_PrefabParentObject: {fileID: 0}
  m_PrefabInternal: {fileID: 100100000}
  serializedVersion: 5
  m_Component:
  - component: {fileID: 4042724916973750}
  m_Layer: 0
  m_Name: Rig_Cleaned_and_scaled_down:Character2_LeftHandPinky3
  m_TagString: Untagged
  m_Icon: {fileID: 0}
  m_NavMeshLayer: 0
  m_StaticEditorFlags: 0
  m_IsActive: 1
--- !u!1 &1437406715789502
GameObject:
  m_ObjectHideFlags: 1
  m_PrefabParentObject: {fileID: 0}
  m_PrefabInternal: {fileID: 100100000}
  serializedVersion: 5
  m_Component:
  - component: {fileID: 4769922912174914}
  m_Layer: 0
  m_Name: Rig_Cleaned_and_scaled_down:HeadMiddle
  m_TagString: Untagged
  m_Icon: {fileID: 0}
  m_NavMeshLayer: 0
  m_StaticEditorFlags: 0
  m_IsActive: 1
--- !u!1 &1439375792813028
GameObject:
  m_ObjectHideFlags: 1
  m_PrefabParentObject: {fileID: 0}
  m_PrefabInternal: {fileID: 100100000}
  serializedVersion: 5
  m_Component:
  - component: {fileID: 4909660133291534}
  m_Layer: 0
  m_Name: Rig_Cleaned_and_scaled_down:Character2_LeftHandIndex1
  m_TagString: Untagged
  m_Icon: {fileID: 0}
  m_NavMeshLayer: 0
  m_StaticEditorFlags: 0
  m_IsActive: 1
--- !u!1 &1452897619696796
GameObject:
  m_ObjectHideFlags: 1
  m_PrefabParentObject: {fileID: 0}
  m_PrefabInternal: {fileID: 100100000}
  serializedVersion: 5
  m_Component:
  - component: {fileID: 4639234294705858}
  m_Layer: 0
  m_Name: Rig_Cleaned_and_scaled_down:Character2_RightHandThumb4
  m_TagString: Untagged
  m_Icon: {fileID: 0}
  m_NavMeshLayer: 0
  m_StaticEditorFlags: 0
  m_IsActive: 1
--- !u!1 &1453881984713892
GameObject:
  m_ObjectHideFlags: 1
  m_PrefabParentObject: {fileID: 0}
  m_PrefabInternal: {fileID: 100100000}
  serializedVersion: 5
  m_Component:
  - component: {fileID: 4741197360110114}
  m_Layer: 0
  m_Name: Rig_Cleaned_and_scaled_down:Character2_RightLeg
  m_TagString: Untagged
  m_Icon: {fileID: 0}
  m_NavMeshLayer: 0
  m_StaticEditorFlags: 0
  m_IsActive: 1
--- !u!1 &1459666317556110
GameObject:
  m_ObjectHideFlags: 1
  m_PrefabParentObject: {fileID: 0}
  m_PrefabInternal: {fileID: 100100000}
  serializedVersion: 5
  m_Component:
  - component: {fileID: 4071169832151412}
  m_Layer: 0
  m_Name: Rig_Cleaned_and_scaled_down:Character2_RightHandRing1
  m_TagString: Untagged
  m_Icon: {fileID: 0}
  m_NavMeshLayer: 0
  m_StaticEditorFlags: 0
  m_IsActive: 1
--- !u!1 &1485458857958362
GameObject:
  m_ObjectHideFlags: 1
  m_PrefabParentObject: {fileID: 0}
  m_PrefabInternal: {fileID: 100100000}
  serializedVersion: 5
  m_Component:
  - component: {fileID: 4065973902301050}
  m_Layer: 0
  m_Name: joint3
  m_TagString: Untagged
  m_Icon: {fileID: 0}
  m_NavMeshLayer: 0
  m_StaticEditorFlags: 0
  m_IsActive: 1
--- !u!1 &1509561140800664
GameObject:
  m_ObjectHideFlags: 1
  m_PrefabParentObject: {fileID: 0}
  m_PrefabInternal: {fileID: 100100000}
  serializedVersion: 5
  m_Component:
  - component: {fileID: 4870733897420948}
  m_Layer: 0
  m_Name: Rig_Cleaned_and_scaled_down:Character2_LeftHandThumb1
  m_TagString: Untagged
  m_Icon: {fileID: 0}
  m_NavMeshLayer: 0
  m_StaticEditorFlags: 0
  m_IsActive: 1
--- !u!1 &1518511836841994
GameObject:
  m_ObjectHideFlags: 1
  m_PrefabParentObject: {fileID: 0}
  m_PrefabInternal: {fileID: 100100000}
  serializedVersion: 5
  m_Component:
  - component: {fileID: 4679287299755514}
  m_Layer: 0
  m_Name: Rig_Cleaned_and_scaled_down:Character2_RightHandRing4
  m_TagString: Untagged
  m_Icon: {fileID: 0}
  m_NavMeshLayer: 0
  m_StaticEditorFlags: 0
  m_IsActive: 1
--- !u!1 &1521002821486552
GameObject:
  m_ObjectHideFlags: 1
  m_PrefabParentObject: {fileID: 0}
  m_PrefabInternal: {fileID: 100100000}
  serializedVersion: 5
  m_Component:
  - component: {fileID: 4582894971232670}
  m_Layer: 0
  m_Name: Rig_Cleaned_and_scaled_down:Character2_RightToeBase
  m_TagString: Untagged
  m_Icon: {fileID: 0}
  m_NavMeshLayer: 0
  m_StaticEditorFlags: 0
  m_IsActive: 1
--- !u!1 &1536491981193662
GameObject:
  m_ObjectHideFlags: 1
  m_PrefabParentObject: {fileID: 0}
  m_PrefabInternal: {fileID: 100100000}
  serializedVersion: 5
  m_Component:
  - component: {fileID: 4275114028254550}
  m_Layer: 0
  m_Name: Rig_Cleaned_and_scaled_down:Character2_LeftHandPinky4
  m_TagString: Untagged
  m_Icon: {fileID: 0}
  m_NavMeshLayer: 0
  m_StaticEditorFlags: 0
  m_IsActive: 1
--- !u!1 &1551091452043182
GameObject:
  m_ObjectHideFlags: 1
  m_PrefabParentObject: {fileID: 0}
  m_PrefabInternal: {fileID: 100100000}
  serializedVersion: 5
  m_Component:
  - component: {fileID: 4286359238353162}
  m_Layer: 9
  m_Name: UnitHead
  m_TagString: UnitHead
  m_Icon: {fileID: 0}
  m_NavMeshLayer: 0
  m_StaticEditorFlags: 0
  m_IsActive: 1
--- !u!1 &1583387702166884
GameObject:
  m_ObjectHideFlags: 1
  m_PrefabParentObject: {fileID: 0}
  m_PrefabInternal: {fileID: 100100000}
  serializedVersion: 5
  m_Component:
  - component: {fileID: 4255947501477076}
  m_Layer: 0
  m_Name: Rig_Cleaned_and_scaled_down:Character2_RightHandRing3
  m_TagString: Untagged
  m_Icon: {fileID: 0}
  m_NavMeshLayer: 0
  m_StaticEditorFlags: 0
  m_IsActive: 1
--- !u!1 &1616781596696194
GameObject:
  m_ObjectHideFlags: 1
  m_PrefabParentObject: {fileID: 0}
  m_PrefabInternal: {fileID: 100100000}
  serializedVersion: 5
  m_Component:
  - component: {fileID: 4607783012313820}
  m_Layer: 0
  m_Name: Rig_Cleaned_and_scaled_down:Character2_LeftHandThumb2
  m_TagString: Untagged
  m_Icon: {fileID: 0}
  m_NavMeshLayer: 0
  m_StaticEditorFlags: 0
  m_IsActive: 1
--- !u!1 &1629118170856710
GameObject:
  m_ObjectHideFlags: 1
  m_PrefabParentObject: {fileID: 0}
  m_PrefabInternal: {fileID: 100100000}
  serializedVersion: 5
  m_Component:
  - component: {fileID: 4279063551501188}
  m_Layer: 0
  m_Name: Rig_Cleaned_and_scaled_down:Character2_Spine2
  m_TagString: Untagged
  m_Icon: {fileID: 0}
  m_NavMeshLayer: 0
  m_StaticEditorFlags: 0
  m_IsActive: 1
--- !u!1 &1638092485904844
GameObject:
  m_ObjectHideFlags: 1
  m_PrefabParentObject: {fileID: 0}
  m_PrefabInternal: {fileID: 100100000}
  serializedVersion: 5
  m_Component:
  - component: {fileID: 4247962923671422}
  m_Layer: 0
  m_Name: Rig_Cleaned_and_scaled_down:Character2_RightUpLeg
  m_TagString: Untagged
  m_Icon: {fileID: 0}
  m_NavMeshLayer: 0
  m_StaticEditorFlags: 0
  m_IsActive: 1
--- !u!1 &1641353686613278
GameObject:
  m_ObjectHideFlags: 1
  m_PrefabParentObject: {fileID: 0}
  m_PrefabInternal: {fileID: 100100000}
  serializedVersion: 5
  m_Component:
  - component: {fileID: 4140964460252286}
  m_Layer: 0
  m_Name: Rig_Cleaned_and_scaled_down:Character2_RightArm
  m_TagString: Untagged
  m_Icon: {fileID: 0}
  m_NavMeshLayer: 0
  m_StaticEditorFlags: 0
  m_IsActive: 1
--- !u!1 &1641922579742062
GameObject:
  m_ObjectHideFlags: 1
  m_PrefabParentObject: {fileID: 0}
  m_PrefabInternal: {fileID: 100100000}
  serializedVersion: 5
  m_Component:
  - component: {fileID: 4227310222207294}
  m_Layer: 0
  m_Name: Rig_Cleaned_and_scaled_down:Character2_RightHandMiddle3
  m_TagString: Untagged
  m_Icon: {fileID: 0}
  m_NavMeshLayer: 0
  m_StaticEditorFlags: 0
  m_IsActive: 1
--- !u!1 &1649350689958972
GameObject:
  m_ObjectHideFlags: 1
  m_PrefabParentObject: {fileID: 0}
  m_PrefabInternal: {fileID: 100100000}
  serializedVersion: 5
  m_Component:
  - component: {fileID: 4428198078739638}
  m_Layer: 0
  m_Name: transform1
  m_TagString: Untagged
  m_Icon: {fileID: 0}
  m_NavMeshLayer: 0
  m_StaticEditorFlags: 0
  m_IsActive: 1
--- !u!1 &1662777217464906
GameObject:
  m_ObjectHideFlags: 1
  m_PrefabParentObject: {fileID: 0}
  m_PrefabInternal: {fileID: 100100000}
  serializedVersion: 5
  m_Component:
  - component: {fileID: 4682526540159270}
  - component: {fileID: 33548616840559966}
  - component: {fileID: 23474405350436048}
  - component: {fileID: 65323994837141828}
  - component: {fileID: 54455932843497358}
  m_Layer: 0
  m_Name: Shield_LargeShield
  m_TagString: Untagged
  m_Icon: {fileID: 0}
  m_NavMeshLayer: 0
  m_StaticEditorFlags: 0
  m_IsActive: 1
--- !u!1 &1665843899876104
GameObject:
  m_ObjectHideFlags: 1
  m_PrefabParentObject: {fileID: 0}
  m_PrefabInternal: {fileID: 100100000}
  serializedVersion: 5
  m_Component:
  - component: {fileID: 4617664398634528}
  m_Layer: 0
  m_Name: Rig_Cleaned_and_scaled_down:Character2_LeftHand
  m_TagString: Untagged
  m_Icon: {fileID: 0}
  m_NavMeshLayer: 0
  m_StaticEditorFlags: 0
  m_IsActive: 1
--- !u!1 &1665929593121806
GameObject:
  m_ObjectHideFlags: 1
  m_PrefabParentObject: {fileID: 0}
  m_PrefabInternal: {fileID: 100100000}
  serializedVersion: 5
  m_Component:
  - component: {fileID: 4652970417798676}
  m_Layer: 0
  m_Name: Rig_Cleaned_and_scaled_down:Character2_RightHandMiddle4
  m_TagString: Untagged
  m_Icon: {fileID: 0}
  m_NavMeshLayer: 0
  m_StaticEditorFlags: 0
  m_IsActive: 1
--- !u!1 &1671765174663562
GameObject:
  m_ObjectHideFlags: 1
  m_PrefabParentObject: {fileID: 0}
  m_PrefabInternal: {fileID: 100100000}
  serializedVersion: 5
  m_Component:
  - component: {fileID: 4351524687278914}
  m_Layer: 0
  m_Name: Rig_Cleaned_and_scaled_down:Character2_RightHand
  m_TagString: Untagged
  m_Icon: {fileID: 0}
  m_NavMeshLayer: 0
  m_StaticEditorFlags: 0
  m_IsActive: 1
--- !u!1 &1684557775506724
GameObject:
  m_ObjectHideFlags: 1
  m_PrefabParentObject: {fileID: 0}
  m_PrefabInternal: {fileID: 100100000}
  serializedVersion: 5
  m_Component:
  - component: {fileID: 4542499255703858}
  m_Layer: 0
  m_Name: Rig_Cleaned_and_scaled_down:Character2_LeftArm
  m_TagString: Untagged
  m_Icon: {fileID: 0}
  m_NavMeshLayer: 0
  m_StaticEditorFlags: 0
  m_IsActive: 1
--- !u!1 &1711163036913416
GameObject:
  m_ObjectHideFlags: 1
  m_PrefabParentObject: {fileID: 0}
  m_PrefabInternal: {fileID: 100100000}
  serializedVersion: 5
  m_Component:
  - component: {fileID: 4554399657345952}
  m_Layer: 0
  m_Name: Rig_Cleaned_and_scaled_down:Character2_RightHandThumb1
  m_TagString: Untagged
  m_Icon: {fileID: 0}
  m_NavMeshLayer: 0
  m_StaticEditorFlags: 0
  m_IsActive: 1
--- !u!1 &1746894451263468
GameObject:
  m_ObjectHideFlags: 1
  m_PrefabParentObject: {fileID: 0}
  m_PrefabInternal: {fileID: 100100000}
  serializedVersion: 5
  m_Component:
  - component: {fileID: 4065012796496742}
  m_Layer: 0
  m_Name: Rig_Cleaned_and_scaled_down:Character2_LeftFoot
  m_TagString: Untagged
  m_Icon: {fileID: 0}
  m_NavMeshLayer: 0
  m_StaticEditorFlags: 0
  m_IsActive: 1
--- !u!1 &1748347303449112
GameObject:
  m_ObjectHideFlags: 1
  m_PrefabParentObject: {fileID: 0}
  m_PrefabInternal: {fileID: 100100000}
  serializedVersion: 5
  m_Component:
  - component: {fileID: 4278567892705502}
  m_Layer: 0
  m_Name: Rig_Cleaned_and_scaled_down:Character2_LeftHandIndex3
  m_TagString: Untagged
  m_Icon: {fileID: 0}
  m_NavMeshLayer: 0
  m_StaticEditorFlags: 0
  m_IsActive: 1
--- !u!1 &1767440187865106
GameObject:
  m_ObjectHideFlags: 1
  m_PrefabParentObject: {fileID: 0}
  m_PrefabInternal: {fileID: 100100000}
  serializedVersion: 5
  m_Component:
  - component: {fileID: 4733028383438922}
  m_Layer: 0
  m_Name: Rig_Cleaned_and_scaled_down:Character2_LeftLeg
  m_TagString: Untagged
  m_Icon: {fileID: 0}
  m_NavMeshLayer: 0
  m_StaticEditorFlags: 0
  m_IsActive: 1
--- !u!1 &1780199299781190
GameObject:
  m_ObjectHideFlags: 1
  m_PrefabParentObject: {fileID: 0}
  m_PrefabInternal: {fileID: 100100000}
  serializedVersion: 5
  m_Component:
  - component: {fileID: 4324050795388724}
  m_Layer: 0
  m_Name: Rig_Cleaned_and_scaled_down:Character2_LeftHandIndex2
  m_TagString: Untagged
  m_Icon: {fileID: 0}
  m_NavMeshLayer: 0
  m_StaticEditorFlags: 0
  m_IsActive: 1
--- !u!1 &1788020876301834
GameObject:
  m_ObjectHideFlags: 1
  m_PrefabParentObject: {fileID: 0}
  m_PrefabInternal: {fileID: 100100000}
  serializedVersion: 5
  m_Component:
  - component: {fileID: 4813888897351086}
  m_Layer: 0
  m_Name: Rig_Cleaned_and_scaled_down:Character2_LeftUpLeg
  m_TagString: Untagged
  m_Icon: {fileID: 0}
  m_NavMeshLayer: 0
  m_StaticEditorFlags: 0
  m_IsActive: 1
--- !u!1 &1811355071649920
GameObject:
  m_ObjectHideFlags: 1
  m_PrefabParentObject: {fileID: 0}
  m_PrefabInternal: {fileID: 100100000}
  serializedVersion: 5
  m_Component:
  - component: {fileID: 4946196055438904}
  m_Layer: 0
  m_Name: Rig_Cleaned_and_scaled_down:Character2_RightHandMiddle2
  m_TagString: Untagged
  m_Icon: {fileID: 0}
  m_NavMeshLayer: 0
  m_StaticEditorFlags: 0
  m_IsActive: 1
--- !u!1 &1827586328026664
GameObject:
  m_ObjectHideFlags: 1
  m_PrefabParentObject: {fileID: 0}
  m_PrefabInternal: {fileID: 100100000}
  serializedVersion: 5
  m_Component:
  - component: {fileID: 4600455929500416}
  m_Layer: 0
  m_Name: joint1
  m_TagString: Untagged
  m_Icon: {fileID: 0}
  m_NavMeshLayer: 0
  m_StaticEditorFlags: 0
  m_IsActive: 1
--- !u!1 &1828425839081412
GameObject:
  m_ObjectHideFlags: 0
  m_PrefabParentObject: {fileID: 0}
  m_PrefabInternal: {fileID: 100100000}
  serializedVersion: 5
  m_Component:
  - component: {fileID: 4332438136838790}
  - component: {fileID: 143765385264293354}
  - component: {fileID: 54026777109772762}
  - component: {fileID: 114917119844207764}
  - component: {fileID: 114155362176873624}
  - component: {fileID: 114816898175467544}
  - component: {fileID: 114544314183865250}
  - component: {fileID: 65937967823513650}
  - component: {fileID: 82570313204013812}
  - component: {fileID: 136364412828489414}
  m_Layer: 9
  m_Name: Corrupted Knight Defender
  m_TagString: Enemy
  m_Icon: {fileID: 0}
  m_NavMeshLayer: 0
  m_StaticEditorFlags: 0
  m_IsActive: 1
--- !u!1 &1840017850718820
GameObject:
  m_ObjectHideFlags: 1
  m_PrefabParentObject: {fileID: 0}
  m_PrefabInternal: {fileID: 100100000}
  serializedVersion: 5
  m_Component:
  - component: {fileID: 4374191257486776}
  m_Layer: 0
  m_Name: Rig_Cleaned_and_scaled_down:Character2_Spine
  m_TagString: Untagged
  m_Icon: {fileID: 0}
  m_NavMeshLayer: 0
  m_StaticEditorFlags: 0
  m_IsActive: 1
--- !u!1 &1849200513854430
GameObject:
  m_ObjectHideFlags: 1
  m_PrefabParentObject: {fileID: 0}
  m_PrefabInternal: {fileID: 100100000}
  serializedVersion: 5
  m_Component:
  - component: {fileID: 4462567288082086}
  m_Layer: 0
  m_Name: Rig_Cleaned_and_scaled_down:Character2_LeftHandMiddle2
  m_TagString: Untagged
  m_Icon: {fileID: 0}
  m_NavMeshLayer: 0
  m_StaticEditorFlags: 0
  m_IsActive: 1
--- !u!1 &1849415537992428
GameObject:
  m_ObjectHideFlags: 1
  m_PrefabParentObject: {fileID: 0}
  m_PrefabInternal: {fileID: 100100000}
  serializedVersion: 5
  m_Component:
  - component: {fileID: 4899368096119312}
  m_Layer: 0
  m_Name: Rig_Cleaned_and_scaled_down:Character2_Neck
  m_TagString: Untagged
  m_Icon: {fileID: 0}
  m_NavMeshLayer: 0
  m_StaticEditorFlags: 0
  m_IsActive: 1
--- !u!1 &1861974341697062
GameObject:
  m_ObjectHideFlags: 1
  m_PrefabParentObject: {fileID: 0}
  m_PrefabInternal: {fileID: 100100000}
  serializedVersion: 5
  m_Component:
  - component: {fileID: 4842977157250870}
  m_Layer: 0
  m_Name: Rig_Cleaned_and_scaled_down:Character2_LeftHandPinky1
  m_TagString: Untagged
  m_Icon: {fileID: 0}
  m_NavMeshLayer: 0
  m_StaticEditorFlags: 0
  m_IsActive: 1
--- !u!1 &1893157718974090
GameObject:
  m_ObjectHideFlags: 1
  m_PrefabParentObject: {fileID: 0}
  m_PrefabInternal: {fileID: 100100000}
  serializedVersion: 5
  m_Component:
  - component: {fileID: 4584861955620578}
  m_Layer: 0
  m_Name: joint2
  m_TagString: Untagged
  m_Icon: {fileID: 0}
  m_NavMeshLayer: 0
  m_StaticEditorFlags: 0
  m_IsActive: 1
--- !u!1 &1893706802320986
GameObject:
  m_ObjectHideFlags: 1
  m_PrefabParentObject: {fileID: 0}
  m_PrefabInternal: {fileID: 100100000}
  serializedVersion: 5
  m_Component:
  - component: {fileID: 4318405171903696}
  m_Layer: 0
  m_Name: Rig_Cleaned_and_scaled_down:Character2_LeftHandMiddle4
  m_TagString: Untagged
  m_Icon: {fileID: 0}
  m_NavMeshLayer: 0
  m_StaticEditorFlags: 0
  m_IsActive: 1
--- !u!1 &1896498752524472
GameObject:
  m_ObjectHideFlags: 1
  m_PrefabParentObject: {fileID: 0}
  m_PrefabInternal: {fileID: 100100000}
  serializedVersion: 5
  m_Component:
  - component: {fileID: 4664838921272312}
  m_Layer: 0
  m_Name: Rig_Cleaned_and_scaled_down:Character2_LeftToeBase
  m_TagString: Untagged
  m_Icon: {fileID: 0}
  m_NavMeshLayer: 0
  m_StaticEditorFlags: 0
  m_IsActive: 1
--- !u!1 &1926502266009570
GameObject:
  m_ObjectHideFlags: 1
  m_PrefabParentObject: {fileID: 0}
  m_PrefabInternal: {fileID: 100100000}
  serializedVersion: 5
  m_Component:
  - component: {fileID: 4058936507673038}
  m_Layer: 0
  m_Name: Rig_Cleaned_and_scaled_down:Character2_LeftHandRing2
  m_TagString: Untagged
  m_Icon: {fileID: 0}
  m_NavMeshLayer: 0
  m_StaticEditorFlags: 0
  m_IsActive: 1
--- !u!1 &1932504746883264
GameObject:
  m_ObjectHideFlags: 1
  m_PrefabParentObject: {fileID: 0}
  m_PrefabInternal: {fileID: 100100000}
  serializedVersion: 5
  m_Component:
  - component: {fileID: 4728908651412364}
  m_Layer: 0
  m_Name: Rig_Cleaned_and_scaled_down:Character2_LeftHandThumb3
  m_TagString: Untagged
  m_Icon: {fileID: 0}
  m_NavMeshLayer: 0
  m_StaticEditorFlags: 0
  m_IsActive: 1
--- !u!1 &1940416419701852
GameObject:
  m_ObjectHideFlags: 1
  m_PrefabParentObject: {fileID: 0}
  m_PrefabInternal: {fileID: 100100000}
  serializedVersion: 5
  m_Component:
  - component: {fileID: 4416997143401078}
  m_Layer: 0
  m_Name: Rig_Cleaned_and_scaled_down:Character2_Head
  m_TagString: Untagged
  m_Icon: {fileID: 0}
  m_NavMeshLayer: 0
  m_StaticEditorFlags: 0
  m_IsActive: 1
--- !u!1 &1971114073394748
GameObject:
  m_ObjectHideFlags: 1
  m_PrefabParentObject: {fileID: 0}
  m_PrefabInternal: {fileID: 100100000}
  serializedVersion: 5
  m_Component:
  - component: {fileID: 4668910124934580}
  - component: {fileID: 33077427685210302}
  - component: {fileID: 23695775806111342}
  - component: {fileID: 95075360804727760}
  - component: {fileID: 114959230011068618}
  m_Layer: 0
  m_Name: Mesh_CharacterBase (6)
  m_TagString: Untagged
  m_Icon: {fileID: 0}
  m_NavMeshLayer: 0
  m_StaticEditorFlags: 0
  m_IsActive: 1
--- !u!1 &1974141819739460
GameObject:
  m_ObjectHideFlags: 1
  m_PrefabParentObject: {fileID: 0}
  m_PrefabInternal: {fileID: 100100000}
  serializedVersion: 5
  m_Component:
  - component: {fileID: 4668159366265692}
  m_Layer: 0
  m_Name: Rig_Cleaned_and_scaled_down:Character2_LeftHandRing1
  m_TagString: Untagged
  m_Icon: {fileID: 0}
  m_NavMeshLayer: 0
  m_StaticEditorFlags: 0
  m_IsActive: 1
--- !u!1 &1988917551061996
GameObject:
  m_ObjectHideFlags: 1
  m_PrefabParentObject: {fileID: 0}
  m_PrefabInternal: {fileID: 100100000}
  serializedVersion: 5
  m_Component:
  - component: {fileID: 4919279010641746}
  m_Layer: 0
  m_Name: Rig_Cleaned_and_scaled_down:Character2_RightHandThumb2
  m_TagString: Untagged
  m_Icon: {fileID: 0}
  m_NavMeshLayer: 0
  m_StaticEditorFlags: 0
  m_IsActive: 1
--- !u!1 &1999925057857050
GameObject:
  m_ObjectHideFlags: 1
  m_PrefabParentObject: {fileID: 0}
  m_PrefabInternal: {fileID: 100100000}
  serializedVersion: 5
  m_Component:
  - component: {fileID: 4618785995317746}
  m_Layer: 0
  m_Name: Rig_Cleaned_and_scaled_down:Character2_LeftHandPinky2
  m_TagString: Untagged
  m_Icon: {fileID: 0}
  m_NavMeshLayer: 0
  m_StaticEditorFlags: 0
  m_IsActive: 1
--- !u!4 &4008236925383294
Transform:
  m_ObjectHideFlags: 1
  m_PrefabParentObject: {fileID: 0}
  m_PrefabInternal: {fileID: 100100000}
  m_GameObject: {fileID: 1017513508986540}
  m_LocalRotation: {x: -0.36774263, y: -0.60247535, z: -0.3692362, w: 0.6045276}
  m_LocalPosition: {x: -16.051744, y: -0.093540736, z: -0.86627954}
  m_LocalScale: {x: 1, y: 1, z: 1}
  m_Children: []
  m_Father: {fileID: 4065973902301050}
  m_RootOrder: 0
  m_LocalEulerAnglesHint: {x: 0, y: 0, z: 0}
--- !u!4 &4040359932300696
Transform:
  m_ObjectHideFlags: 1
  m_PrefabParentObject: {fileID: 0}
  m_PrefabInternal: {fileID: 100100000}
  m_GameObject: {fileID: 1137186222384286}
  m_LocalRotation: {x: 0, y: -0, z: -0, w: 1}
  m_LocalPosition: {x: 0.034952927, y: 0, z: 0}
  m_LocalScale: {x: 0.0077091143, y: 0.0077091143, z: 0.0077091143}
  m_Children:
  - {fileID: 4755799812838998}
  m_Father: {fileID: 4728951156190958}
  m_RootOrder: 1
  m_LocalEulerAnglesHint: {x: 0, y: 0, z: 0}
--- !u!4 &4042109064791170
Transform:
  m_ObjectHideFlags: 1
  m_PrefabParentObject: {fileID: 0}
  m_PrefabInternal: {fileID: 100100000}
  m_GameObject: {fileID: 1074292481737288}
  m_LocalRotation: {x: 0, y: -0.000031097657, z: -0, w: 1}
  m_LocalPosition: {x: -5.2230954, y: 8.160139e-15, z: -0.00012044019}
  m_LocalScale: {x: 1, y: 1, z: 1}
  m_Children: []
  m_Father: {fileID: 4398447319692734}
  m_RootOrder: 0
  m_LocalEulerAnglesHint: {x: 0, y: 0, z: 0}
--- !u!4 &4042724916973750
Transform:
  m_ObjectHideFlags: 1
  m_PrefabParentObject: {fileID: 0}
  m_PrefabInternal: {fileID: 100100000}
  m_GameObject: {fileID: 1428039470345296}
  m_LocalRotation: {x: 0.011363036, y: 0.032044653, z: 0.51607984, w: 0.8558654}
  m_LocalPosition: {x: -3.1312718, y: 0.6704183, z: -0.000000143}
  m_LocalScale: {x: 1, y: 1, z: 1}
  m_Children:
  - {fileID: 4275114028254550}
  m_Father: {fileID: 4618785995317746}
  m_RootOrder: 0
  m_LocalEulerAnglesHint: {x: 0, y: 0, z: 0}
--- !u!4 &4049186753076726
Transform:
  m_ObjectHideFlags: 1
  m_PrefabParentObject: {fileID: 0}
  m_PrefabInternal: {fileID: 100100000}
  m_GameObject: {fileID: 1069875149431558}
  m_LocalRotation: {x: -0.7196627, y: 0.054439068, z: 0.13269834, w: 0.67934763}
  m_LocalPosition: {x: 11.071535, y: -4.169062, z: -1.8358383}
  m_LocalScale: {x: 1.2971659, y: 1.2971659, z: 1.2971659}
  m_Children: []
  m_Father: {fileID: 4351524687278914}
  m_RootOrder: 4
  m_LocalEulerAnglesHint: {x: 0, y: 0, z: 0}
--- !u!4 &4058936507673038
Transform:
  m_ObjectHideFlags: 1
  m_PrefabParentObject: {fileID: 0}
  m_PrefabInternal: {fileID: 100100000}
  m_GameObject: {fileID: 1926502266009570}
  m_LocalRotation: {x: 0.017576417, y: 0.15343012, z: 0.72653604, w: 0.66954887}
  m_LocalPosition: {x: -7.412671, y: -2.9577436, z: -0.00028213832}
  m_LocalScale: {x: 1, y: 1, z: 1}
  m_Children:
  - {fileID: 4398447319692734}
  m_Father: {fileID: 4668159366265692}
  m_RootOrder: 0
  m_LocalEulerAnglesHint: {x: 0, y: 0, z: 0}
--- !u!4 &4065012796496742
Transform:
  m_ObjectHideFlags: 1
  m_PrefabParentObject: {fileID: 0}
  m_PrefabInternal: {fileID: 100100000}
  m_GameObject: {fileID: 1746894451263468}
  m_LocalRotation: {x: 0.00009951558, y: 0.6644198, z: -0.016036404, w: 0.7471876}
  m_LocalPosition: {x: -51.848446, y: -1.917598e-14, z: -2.0428104e-14}
  m_LocalScale: {x: 1, y: 1, z: 1}
  m_Children:
  - {fileID: 4664838921272312}
  m_Father: {fileID: 4733028383438922}
  m_RootOrder: 0
  m_LocalEulerAnglesHint: {x: 0, y: 0, z: 0}
--- !u!4 &4065973902301050
Transform:
  m_ObjectHideFlags: 1
  m_PrefabParentObject: {fileID: 0}
  m_PrefabInternal: {fileID: 100100000}
  m_GameObject: {fileID: 1485458857958362}
  m_LocalRotation: {x: -0.00892015, y: -0.040100023, z: -0.16469632, w: 0.9854885}
  m_LocalPosition: {x: -16.787323, y: -0.0022034573, z: -2.0340528}
  m_LocalScale: {x: 1, y: 1, z: 1}
  m_Children:
  - {fileID: 4008236925383294}
  m_Father: {fileID: 4584861955620578}
  m_RootOrder: 0
  m_LocalEulerAnglesHint: {x: 0, y: 0, z: 0}
--- !u!4 &4071169832151412
Transform:
  m_ObjectHideFlags: 1
  m_PrefabParentObject: {fileID: 0}
  m_PrefabInternal: {fileID: 100100000}
  m_GameObject: {fileID: 1459666317556110}
  m_LocalRotation: {x: 0, y: 0.032195333, z: -0, w: 0.9994816}
  m_LocalPosition: {x: 10.927811, y: 2.8308914, z: -2.466443}
  m_LocalScale: {x: 1, y: 1, z: 1}
  m_Children:
  - {fileID: 4451841293225794}
  m_Father: {fileID: 4351524687278914}
  m_RootOrder: 2
  m_LocalEulerAnglesHint: {x: 0, y: 0, z: 0}
--- !u!4 &4098656715131502
Transform:
  m_ObjectHideFlags: 1
  m_PrefabParentObject: {fileID: 0}
  m_PrefabInternal: {fileID: 100100000}
  m_GameObject: {fileID: 1274325282173324}
  m_LocalRotation: {x: 0.00000004558993, y: -0.017452406, z: -0.000002611845, w: 0.9998477}
  m_LocalPosition: {x: -5.0353904, y: -0.64549345, z: -0.29985598}
  m_LocalScale: {x: 1, y: 1, z: 1}
  m_Children: []
  m_Father: {fileID: 4278567892705502}
  m_RootOrder: 0
  m_LocalEulerAnglesHint: {x: 0, y: 0, z: 0}
--- !u!4 &4140964460252286
Transform:
  m_ObjectHideFlags: 1
  m_PrefabParentObject: {fileID: 0}
  m_PrefabInternal: {fileID: 100100000}
  m_GameObject: {fileID: 1641353686613278}
  m_LocalRotation: {x: 0.011885423, y: 0.022438657, z: -0.47742537, w: 0.8783054}
  m_LocalPosition: {x: 12.300306, y: 6.0601363, z: 0.3594847}
  m_LocalScale: {x: 1, y: 1, z: 1}
  m_Children:
  - {fileID: 4747259494266258}
  m_Father: {fileID: 4373860232644820}
  m_RootOrder: 0
  m_LocalEulerAnglesHint: {x: 0, y: 0, z: 0}
--- !u!4 &4218644879892344
Transform:
  m_ObjectHideFlags: 1
  m_PrefabParentObject: {fileID: 0}
  m_PrefabInternal: {fileID: 100100000}
  m_GameObject: {fileID: 1358303828551954}
  m_LocalRotation: {x: 0, y: -0, z: -0.000006416546, w: 1}
  m_LocalPosition: {x: -12.03954, y: 14.255214, z: 7.521761e-15}
  m_LocalScale: {x: 1, y: 1, z: 1}
  m_Children:
  - {fileID: 4542499255703858}
  m_Father: {fileID: 4279063551501188}
  m_RootOrder: 0
  m_LocalEulerAnglesHint: {x: 0, y: 0, z: 0}
--- !u!4 &4227310222207294
Transform:
  m_ObjectHideFlags: 1
  m_PrefabParentObject: {fileID: 0}
  m_PrefabInternal: {fileID: 100100000}
  m_GameObject: {fileID: 1641922579742062}
  m_LocalRotation: {x: -0.018119454, y: 0.08703638, z: -0.20300573, w: 0.97513336}
  m_LocalPosition: {x: 4.177982, y: -3.3906648, z: -0.18583629}
  m_LocalScale: {x: 1, y: 1, z: 1}
  m_Children:
  - {fileID: 4652970417798676}
  m_Father: {fileID: 4946196055438904}
  m_RootOrder: 0
  m_LocalEulerAnglesHint: {x: 0, y: 0, z: 0}
--- !u!4 &4244577970606928
Transform:
  m_ObjectHideFlags: 1
  m_PrefabParentObject: {fileID: 0}
  m_PrefabInternal: {fileID: 100100000}
  m_GameObject: {fileID: 1166316235579476}
  m_LocalRotation: {x: 0.70535433, y: -0.70535415, z: -0.049753297, w: 0.04975331}
  m_LocalPosition: {x: -34.112396, y: -0.000001804509, z: 1.309972}
  m_LocalScale: {x: 1, y: 1, z: 1}
  m_Children: []
  m_Father: {fileID: 4769922912174914}
  m_RootOrder: 0
  m_LocalEulerAnglesHint: {x: 0, y: 0, z: 0}
--- !u!4 &4247962923671422
Transform:
  m_ObjectHideFlags: 1
  m_PrefabParentObject: {fileID: 0}
  m_PrefabInternal: {fileID: 100100000}
  m_GameObject: {fileID: 1638092485904844}
  m_LocalRotation: {x: -0.026609391, y: 0.07055314, z: 0.5435342, w: 0.8359933}
  m_LocalPosition: {x: 8.949658, y: -10.968098, z: 0}
  m_LocalScale: {x: 1, y: 1, z: 1}
  m_Children:
  - {fileID: 4741197360110114}
  m_Father: {fileID: 4755799812838998}
  m_RootOrder: 1
  m_LocalEulerAnglesHint: {x: 0, y: 0, z: 0}
--- !u!4 &4255947501477076
Transform:
  m_ObjectHideFlags: 1
  m_PrefabParentObject: {fileID: 0}
  m_PrefabInternal: {fileID: 100100000}
  m_GameObject: {fileID: 1583387702166884}
  m_LocalRotation: {x: 0.0007472748, y: -0.017436966, z: -0.04280996, w: 0.9989308}
  m_LocalPosition: {x: 6.5964174, y: -1.3365458, z: 0.00006249348}
  m_LocalScale: {x: 1, y: 1, z: 1}
  m_Children:
  - {fileID: 4679287299755514}
  m_Father: {fileID: 4451841293225794}
  m_RootOrder: 0
  m_LocalEulerAnglesHint: {x: 0, y: 0, z: 0}
--- !u!4 &4275114028254550
Transform:
  m_ObjectHideFlags: 1
  m_PrefabParentObject: {fileID: 0}
  m_PrefabInternal: {fileID: 100100000}
  m_GameObject: {fileID: 1536491981193662}
  m_LocalRotation: {x: 0, y: 0, z: 0.000006658658, w: 1}
  m_LocalPosition: {x: -4.432442, y: -1.336762, z: 0.000000791}
  m_LocalScale: {x: 1, y: 1, z: 1}
  m_Children: []
  m_Father: {fileID: 4042724916973750}
  m_RootOrder: 0
  m_LocalEulerAnglesHint: {x: 0, y: 0, z: 0}
--- !u!4 &4278567892705502
Transform:
  m_ObjectHideFlags: 1
  m_PrefabParentObject: {fileID: 0}
  m_PrefabInternal: {fileID: 100100000}
  m_GameObject: {fileID: 1748347303449112}
  m_LocalRotation: {x: -0.01026349, y: -0.0141154975, z: 0.58799493, w: 0.8086763}
  m_LocalPosition: {x: -5.834722, y: -0.69940525, z: -0.41679198}
  m_LocalScale: {x: 1, y: 1, z: 1}
  m_Children:
  - {fileID: 4098656715131502}
  m_Father: {fileID: 4324050795388724}
  m_RootOrder: 0
  m_LocalEulerAnglesHint: {x: 0, y: 0, z: 0}
--- !u!4 &4279063551501188
Transform:
  m_ObjectHideFlags: 1
  m_PrefabParentObject: {fileID: 0}
  m_PrefabInternal: {fileID: 100100000}
  m_GameObject: {fileID: 1629118170856710}
  m_LocalRotation: {x: -0.7071068, y: 0.7071068, z: -8.659561e-17, w: -8.7157646e-33}
  m_LocalPosition: {x: -20.01018, y: 0.3337374, z: -0.002727973}
  m_LocalScale: {x: 1, y: 1, z: 1}
  m_Children:
  - {fileID: 4218644879892344}
  - {fileID: 4899368096119312}
  - {fileID: 4373860232644820}
  m_Father: {fileID: 4627146214689820}
  m_RootOrder: 0
  m_LocalEulerAnglesHint: {x: 0, y: 0, z: 0}
--- !u!4 &4286359238353162
Transform:
  m_ObjectHideFlags: 1
  m_PrefabParentObject: {fileID: 0}
  m_PrefabInternal: {fileID: 100100000}
  m_GameObject: {fileID: 1551091452043182}
  m_LocalRotation: {x: -0, y: -0, z: -0, w: 1}
  m_LocalPosition: {x: 0, y: 2.262, z: 0}
  m_LocalScale: {x: 1, y: 1, z: 1}
  m_Children: []
  m_Father: {fileID: 4590675889100776}
  m_RootOrder: 0
  m_LocalEulerAnglesHint: {x: 0, y: 0, z: 0}
--- !u!4 &4318405171903696
Transform:
  m_ObjectHideFlags: 1
  m_PrefabParentObject: {fileID: 0}
  m_PrefabInternal: {fileID: 100100000}
  m_GameObject: {fileID: 1893706802320986}
  m_LocalRotation: {x: 0, y: -0.000031095955, z: -0, w: 1}
  m_LocalPosition: {x: -4.660952, y: -4.057821, z: 0.9480904}
  m_LocalScale: {x: 1, y: 1, z: 1}
  m_Children: []
  m_Father: {fileID: 4873263184664818}
  m_RootOrder: 0
  m_LocalEulerAnglesHint: {x: 0, y: 0, z: 0}
--- !u!4 &4324050795388724
Transform:
  m_ObjectHideFlags: 1
  m_PrefabParentObject: {fileID: 0}
  m_PrefabInternal: {fileID: 100100000}
  m_GameObject: {fileID: 1780199299781190}
  m_LocalRotation: {x: 0.06859866, y: 0.06936826, z: 0.699793, w: 0.7076525}
  m_LocalPosition: {x: -7.964512, y: -0.000000038277577, z: 0.6208882}
  m_LocalScale: {x: 1, y: 1, z: 1}
  m_Children:
  - {fileID: 4278567892705502}
  m_Father: {fileID: 4909660133291534}
  m_RootOrder: 0
  m_LocalEulerAnglesHint: {x: 0, y: 0, z: 0}
--- !u!4 &4332438136838790
Transform:
  m_ObjectHideFlags: 1
  m_PrefabParentObject: {fileID: 0}
  m_PrefabInternal: {fileID: 100100000}
  m_GameObject: {fileID: 1828425839081412}
  m_LocalRotation: {x: -0, y: -0, z: -0, w: 1}
  m_LocalPosition: {x: 28.936367, y: 0, z: 18.132402}
  m_LocalScale: {x: 1, y: 1, z: 1}
  m_Children:
  - {fileID: 4590675889100776}
  m_Father: {fileID: 0}
  m_RootOrder: 0
  m_LocalEulerAnglesHint: {x: 0, y: 0, z: 0}
--- !u!4 &4351524687278914
Transform:
  m_ObjectHideFlags: 1
  m_PrefabParentObject: {fileID: 0}
  m_PrefabInternal: {fileID: 100100000}
  m_GameObject: {fileID: 1671765174663562}
  m_LocalRotation: {x: -0.22089645, y: 0.035834905, z: -0.014566526, w: 0.97452986}
  m_LocalPosition: {x: 30.399944, y: 7.4676385, z: -3.4015827}
  m_LocalScale: {x: 1, y: 1, z: 1}
  m_Children:
  - {fileID: 4970104702318376}
  - {fileID: 4664100875629956}
  - {fileID: 4071169832151412}
  - {fileID: 4554399657345952}
  - {fileID: 4049186753076726}
  m_Father: {fileID: 4747259494266258}
  m_RootOrder: 0
  m_LocalEulerAnglesHint: {x: 0, y: 0, z: 0}
--- !u!4 &4373860232644820
Transform:
  m_ObjectHideFlags: 1
  m_PrefabParentObject: {fileID: 0}
  m_PrefabInternal: {fileID: 100100000}
  m_GameObject: {fileID: 1411230078460060}
  m_LocalRotation: {x: 0, y: 0, z: 0.000020231517, w: 1}
  m_LocalPosition: {x: 12.856038, y: 14.255214, z: 0}
  m_LocalScale: {x: 1, y: 1, z: 1}
  m_Children:
  - {fileID: 4140964460252286}
  m_Father: {fileID: 4279063551501188}
  m_RootOrder: 2
  m_LocalEulerAnglesHint: {x: 0, y: 0, z: 0}
--- !u!4 &4374191257486776
Transform:
  m_ObjectHideFlags: 1
  m_PrefabParentObject: {fileID: 0}
  m_PrefabInternal: {fileID: 100100000}
  m_GameObject: {fileID: 1840017850718820}
  m_LocalRotation: {x: -0.5410016, y: 0.84102154, z: 5.1497717e-17, w: -3.3126794e-17}
  m_LocalPosition: {x: 2.9024417, y: 6.3699164, z: 0}
  m_LocalScale: {x: 1, y: 1, z: 1}
  m_Children:
  - {fileID: 4627146214689820}
  m_Father: {fileID: 4755799812838998}
  m_RootOrder: 2
  m_LocalEulerAnglesHint: {x: 0, y: 0, z: 0}
--- !u!4 &4375216801717564
Transform:
  m_ObjectHideFlags: 1
  m_PrefabParentObject: {fileID: 0}
  m_PrefabInternal: {fileID: 100100000}
  m_GameObject: {fileID: 1149791027347048}
  m_LocalRotation: {x: 0, y: -0, z: -0, w: 1}
  m_LocalPosition: {x: -0.86259663, y: -95.98211, z: 2.3042476}
  m_LocalScale: {x: 0.01, y: 0.01, z: 0.01}
  m_Children: []
  m_Father: {fileID: 4728951156190958}
  m_RootOrder: 0
  m_LocalEulerAnglesHint: {x: 0, y: 0, z: 0}
--- !u!4 &4392761083783334
Transform:
  m_ObjectHideFlags: 1
  m_PrefabParentObject: {fileID: 0}
  m_PrefabInternal: {fileID: 100100000}
  m_GameObject: {fileID: 1181121288107932}
  m_LocalRotation: {x: 0, y: -0, z: -0.16511129, w: 0.98627496}
  m_LocalPosition: {x: -12.031154, y: 4.2367907, z: 4.765375}
  m_LocalScale: {x: 1, y: 1, z: 1}
  m_Children:
  - {fileID: 4462567288082086}
  m_Father: {fileID: 4617664398634528}
  m_RootOrder: 1
  m_LocalEulerAnglesHint: {x: 0, y: 0, z: 0}
--- !u!4 &4398447319692734
Transform:
  m_ObjectHideFlags: 1
  m_PrefabParentObject: {fileID: 0}
  m_PrefabInternal: {fileID: 100100000}
  m_GameObject: {fileID: 1295253757200968}
  m_LocalRotation: {x: -0.10442698, y: 0.10119717, z: 0.71034294, w: 0.68867046}
  m_LocalPosition: {x: -5.9745727, y: -0.14858292, z: -0.48950884}
  m_LocalScale: {x: 1, y: 1, z: 1}
  m_Children:
  - {fileID: 4042109064791170}
  m_Father: {fileID: 4058936507673038}
  m_RootOrder: 0
  m_LocalEulerAnglesHint: {x: 0, y: 0, z: 0}
--- !u!4 &4416997143401078
Transform:
  m_ObjectHideFlags: 1
  m_PrefabParentObject: {fileID: 0}
  m_PrefabInternal: {fileID: 100100000}
  m_GameObject: {fileID: 1940416419701852}
  m_LocalRotation: {x: -0.6740181, y: 0.70402867, z: 0.047626086, w: 0.2185749}
  m_LocalPosition: {x: -10.862984, y: -0.4915142, z: 1.226076}
  m_LocalScale: {x: 1, y: 1, z: 1}
  m_Children:
  - {fileID: 4769922912174914}
  m_Father: {fileID: 4899368096119312}
  m_RootOrder: 0
  m_LocalEulerAnglesHint: {x: 0, y: 0, z: 0}
--- !u!4 &4428198078739638
Transform:
  m_ObjectHideFlags: 1
  m_PrefabParentObject: {fileID: 0}
  m_PrefabInternal: {fileID: 100100000}
  m_GameObject: {fileID: 1649350689958972}
  m_LocalRotation: {x: -0.010603787, y: 0.70954406, z: 0.70451915, w: 0.009364978}
  m_LocalPosition: {x: 1.5823551, y: -2.9992108, z: 25.43811}
  m_LocalScale: {x: 1.2971659, y: 1.2971659, z: 1.2971659}
  m_Children:
  - {fileID: 4600455929500416}
  m_Father: {fileID: 4769922912174914}
  m_RootOrder: 1
  m_LocalEulerAnglesHint: {x: 0, y: 0, z: 0}
--- !u!4 &4451841293225794
Transform:
  m_ObjectHideFlags: 1
  m_PrefabParentObject: {fileID: 0}
  m_PrefabInternal: {fileID: 100100000}
  m_GameObject: {fileID: 1238261174758554}
  m_LocalRotation: {x: 0.0076258397, y: -0.015698815, z: -0.43686995, w: 0.89935535}
  m_LocalPosition: {x: 5.5225854, y: -0.00000040000003, z: 0.00012305297}
  m_LocalScale: {x: 1, y: 1, z: 1}
  m_Children:
  - {fileID: 4255947501477076}
  m_Father: {fileID: 4071169832151412}
  m_RootOrder: 0
  m_LocalEulerAnglesHint: {x: 0, y: 0, z: 0}
--- !u!4 &4462567288082086
Transform:
  m_ObjectHideFlags: 1
  m_PrefabParentObject: {fileID: 0}
  m_PrefabInternal: {fileID: 100100000}
  m_GameObject: {fileID: 1849200513854430}
  m_LocalRotation: {x: 0.009194312, y: 0.038043957, z: 0.7871124, w: 0.61556655}
  m_LocalPosition: {x: -6.2182393, y: -5.554276, z: 0.46237764}
  m_LocalScale: {x: 1, y: 1, z: 1}
  m_Children:
  - {fileID: 4873263184664818}
  m_Father: {fileID: 4392761083783334}
  m_RootOrder: 0
  m_LocalEulerAnglesHint: {x: 0, y: 0, z: 0}
--- !u!4 &4527722727624020
Transform:
  m_ObjectHideFlags: 1
  m_PrefabParentObject: {fileID: 0}
  m_PrefabInternal: {fileID: 100100000}
  m_GameObject: {fileID: 1057588896382114}
  m_LocalRotation: {x: 0, y: -0, z: -0, w: 1}
  m_LocalPosition: {x: -6.701772, y: 0.45706636, z: 0.29913607}
  m_LocalScale: {x: 1, y: 1, z: 1}
  m_Children: []
  m_Father: {fileID: 4728908651412364}
  m_RootOrder: 0
  m_LocalEulerAnglesHint: {x: 0, y: 0, z: 0}
--- !u!4 &4542499255703858
Transform:
  m_ObjectHideFlags: 1
  m_PrefabParentObject: {fileID: 0}
  m_PrefabInternal: {fileID: 100100000}
  m_GameObject: {fileID: 1684557775506724}
  m_LocalRotation: {x: 0.06123326, y: 0.019252358, z: 0.39384907, w: 0.91693115}
  m_LocalPosition: {x: -10.458091, y: 5.339308, z: -4.4644766}
  m_LocalScale: {x: 1, y: 1, z: 1}
  m_Children:
  - {fileID: 4816907315768306}
  m_Father: {fileID: 4218644879892344}
  m_RootOrder: 0
  m_LocalEulerAnglesHint: {x: 0, y: 0, z: 0}
--- !u!4 &4554399657345952
Transform:
  m_ObjectHideFlags: 1
  m_PrefabParentObject: {fileID: 0}
  m_PrefabInternal: {fileID: 100100000}
  m_GameObject: {fileID: 1711163036913416}
  m_LocalRotation: {x: -0.13482444, y: -0.004752096, z: 0.034902655, w: 0.9902432}
  m_LocalPosition: {x: 0.49571538, y: -8.163261, z: 7.674224}
  m_LocalScale: {x: 1, y: 1, z: 1}
  m_Children:
  - {fileID: 4919279010641746}
  m_Father: {fileID: 4351524687278914}
  m_RootOrder: 3
  m_LocalEulerAnglesHint: {x: 0, y: 0, z: 0}
--- !u!4 &4582894971232670
Transform:
  m_ObjectHideFlags: 1
  m_PrefabParentObject: {fileID: 0}
  m_PrefabInternal: {fileID: 100100000}
  m_GameObject: {fileID: 1521002821486552}
  m_LocalRotation: {x: 0.00002541717, y: 2.279356e-12, z: -5.793478e-17, w: 1}
  m_LocalPosition: {x: -7.9816864e-10, y: -6.262317, z: 26.49071}
  m_LocalScale: {x: 1, y: 1, z: 1}
  m_Children: []
  m_Father: {fileID: 4981711559292864}
  m_RootOrder: 0
  m_LocalEulerAnglesHint: {x: 0, y: 0, z: 0}
--- !u!4 &4584861955620578
Transform:
  m_ObjectHideFlags: 1
  m_PrefabParentObject: {fileID: 0}
  m_PrefabInternal: {fileID: 100100000}
  m_GameObject: {fileID: 1893157718974090}
  m_LocalRotation: {x: 0.989369, y: 0.14542732, z: -0.0000026077923, w: 0.00000024873043}
  m_LocalPosition: {x: -13.957479, y: 1.553399, z: 0.9101875}
  m_LocalScale: {x: 1, y: 1, z: 1}
  m_Children:
  - {fileID: 4065973902301050}
  m_Father: {fileID: 4600455929500416}
  m_RootOrder: 0
  m_LocalEulerAnglesHint: {x: 0, y: 0, z: 0}
--- !u!4 &4590675889100776
Transform:
  m_ObjectHideFlags: 1
  m_PrefabParentObject: {fileID: 0}
  m_PrefabInternal: {fileID: 100100000}
  m_GameObject: {fileID: 1123556757875892}
  m_LocalRotation: {x: -0, y: -0, z: -0, w: 1}
  m_LocalPosition: {x: 0, y: 0, z: 0}
  m_LocalScale: {x: 1, y: 1, z: 1}
  m_Children:
  - {fileID: 4286359238353162}
  - {fileID: 4668910124934580}
  - {fileID: 4728951156190958}
  m_Father: {fileID: 4332438136838790}
  m_RootOrder: 0
  m_LocalEulerAnglesHint: {x: 0, y: 0, z: 0}
--- !u!4 &4600455929500416
Transform:
  m_ObjectHideFlags: 1
  m_PrefabParentObject: {fileID: 0}
  m_PrefabInternal: {fileID: 100100000}
  m_GameObject: {fileID: 1827586328026664}
  m_LocalRotation: {x: 0, y: -0, z: -0, w: 1}
  m_LocalPosition: {x: 2.842171e-14, y: 1.4210855e-14, z: 0}
  m_LocalScale: {x: 1, y: 1, z: 1}
  m_Children:
  - {fileID: 4584861955620578}
  m_Father: {fileID: 4428198078739638}
  m_RootOrder: 0
  m_LocalEulerAnglesHint: {x: 0, y: 0, z: 0}
--- !u!4 &4607783012313820
Transform:
  m_ObjectHideFlags: 1
  m_PrefabParentObject: {fileID: 0}
  m_PrefabInternal: {fileID: 100100000}
  m_GameObject: {fileID: 1616781596696194}
  m_LocalRotation: {x: 0, y: -0.25844172, z: -0, w: 0.96602684}
  m_LocalPosition: {x: -5.8174367, y: -2.3039708, z: 0.87268645}
  m_LocalScale: {x: 1, y: 1, z: 1}
  m_Children:
  - {fileID: 4728908651412364}
  m_Father: {fileID: 4870733897420948}
  m_RootOrder: 0
  m_LocalEulerAnglesHint: {x: 0, y: 0, z: 0}
--- !u!4 &4617664398634528
Transform:
  m_ObjectHideFlags: 1
  m_PrefabParentObject: {fileID: 0}
  m_PrefabInternal: {fileID: 100100000}
  m_GameObject: {fileID: 1665843899876104}
  m_LocalRotation: {x: -0.015818723, y: -0.07944249, z: 0.0019930103, w: 0.99671197}
  m_LocalPosition: {x: -27.849867, y: 2.8834312, z: 1.193598}
  m_LocalScale: {x: 1, y: 1, z: 1}
  m_Children:
  - {fileID: 4909660133291534}
  - {fileID: 4392761083783334}
  - {fileID: 4842977157250870}
  - {fileID: 4668159366265692}
  - {fileID: 4870733897420948}
  - {fileID: 4682526540159270}
  m_Father: {fileID: 4816907315768306}
  m_RootOrder: 0
  m_LocalEulerAnglesHint: {x: 0, y: 0, z: 0}
--- !u!4 &4618785995317746
Transform:
  m_ObjectHideFlags: 1
  m_PrefabParentObject: {fileID: 0}
  m_PrefabInternal: {fileID: 100100000}
  m_GameObject: {fileID: 1999925057857050}
  m_LocalRotation: {x: 0.0169795, y: 0.07266226, z: 0.75816137, w: 0.64778334}
  m_LocalPosition: {x: -7.142408, y: -4.4064946, z: 0.77169347}
  m_LocalScale: {x: 1, y: 1, z: 1}
  m_Children:
  - {fileID: 4042724916973750}
  m_Father: {fileID: 4842977157250870}
  m_RootOrder: 0
  m_LocalEulerAnglesHint: {x: 0, y: 0, z: 0}
--- !u!4 &4627146214689820
Transform:
  m_ObjectHideFlags: 1
  m_PrefabParentObject: {fileID: 0}
  m_PrefabInternal: {fileID: 100100000}
  m_GameObject: {fileID: 1041480477295876}
  m_LocalRotation: {x: -0.020623565, y: -0.033160236, z: 0.00068440445, w: 0.999237}
  m_LocalPosition: {x: -12.756412, y: 0.7056343, z: 1.3226866}
  m_LocalScale: {x: 1, y: 1, z: 1}
  m_Children:
  - {fileID: 4279063551501188}
  m_Father: {fileID: 4374191257486776}
  m_RootOrder: 0
  m_LocalEulerAnglesHint: {x: 0, y: 0, z: 0}
--- !u!4 &4639234294705858
Transform:
  m_ObjectHideFlags: 1
  m_PrefabParentObject: {fileID: 0}
  m_PrefabInternal: {fileID: 100100000}
  m_GameObject: {fileID: 1452897619696796}
  m_LocalRotation: {x: 0, y: -0, z: -0.0000034164298, w: 1}
  m_LocalPosition: {x: 6.6961617, y: -1.4379203, z: -1.0206192}
  m_LocalScale: {x: 1, y: 1, z: 1}
  m_Children: []
  m_Father: {fileID: 4790456093669010}
  m_RootOrder: 0
  m_LocalEulerAnglesHint: {x: 0, y: 0, z: 0}
--- !u!4 &4652970417798676
Transform:
  m_ObjectHideFlags: 1
  m_PrefabParentObject: {fileID: 0}
  m_PrefabInternal: {fileID: 100100000}
  m_GameObject: {fileID: 1665929593121806}
  m_LocalRotation: {x: 0, y: -0.01745297, z: -0, w: 0.9998477}
  m_LocalPosition: {x: 2.2112334, y: -6.490845, z: 0.18595298}
  m_LocalScale: {x: 1, y: 1, z: 1}
  m_Children: []
  m_Father: {fileID: 4227310222207294}
  m_RootOrder: 0
  m_LocalEulerAnglesHint: {x: 0, y: 0, z: 0}
--- !u!4 &4664100875629956
Transform:
  m_ObjectHideFlags: 1
  m_PrefabParentObject: {fileID: 0}
  m_PrefabInternal: {fileID: 100100000}
  m_GameObject: {fileID: 1336857532672078}
  m_LocalRotation: {x: 0, y: -0.044796374, z: -0, w: 0.99899614}
  m_LocalPosition: {x: 11.036767, y: 3.4941347, z: 2.001282}
  m_LocalScale: {x: 1, y: 1, z: 1}
  m_Children:
  - {fileID: 4946196055438904}
  m_Father: {fileID: 4351524687278914}
  m_RootOrder: 1
  m_LocalEulerAnglesHint: {x: 0, y: 0, z: 0}
--- !u!4 &4664838921272312
Transform:
  m_ObjectHideFlags: 1
  m_PrefabParentObject: {fileID: 0}
  m_PrefabInternal: {fileID: 100100000}
  m_GameObject: {fileID: 1896498752524472}
  m_LocalRotation: {x: 0.4387322, y: -0.43873224, z: -0.5545394, w: 0.5545397}
  m_LocalPosition: {x: -27.220816, y: 3.7728533e-15, z: 3.5527137e-15}
  m_LocalScale: {x: 1, y: 1, z: 1}
  m_Children: []
  m_Father: {fileID: 4065012796496742}
  m_RootOrder: 0
  m_LocalEulerAnglesHint: {x: 0, y: 0, z: 0}
--- !u!4 &4668159366265692
Transform:
  m_ObjectHideFlags: 1
  m_PrefabParentObject: {fileID: 0}
  m_PrefabInternal: {fileID: 100100000}
  m_GameObject: {fileID: 1974141819739460}
  m_LocalRotation: {x: 0, y: -0, z: -0, w: 1}
  m_LocalPosition: {x: -12.572655, y: 2.081791, z: 0.32317543}
  m_LocalScale: {x: 1, y: 1, z: 1}
  m_Children:
  - {fileID: 4058936507673038}
  m_Father: {fileID: 4617664398634528}
  m_RootOrder: 3
  m_LocalEulerAnglesHint: {x: 0, y: 0, z: 0}
--- !u!4 &4668910124934580
Transform:
  m_ObjectHideFlags: 1
  m_PrefabParentObject: {fileID: 0}
  m_PrefabInternal: {fileID: 100100000}
  m_GameObject: {fileID: 1971114073394748}
  m_LocalRotation: {x: -0, y: -0, z: -0, w: 1}
  m_LocalPosition: {x: 0, y: 0.24, z: 0}
  m_LocalScale: {x: 1, y: 1, z: 1}
  m_Children: []
  m_Father: {fileID: 4590675889100776}
  m_RootOrder: 1
  m_LocalEulerAnglesHint: {x: 0, y: 0, z: 0}
--- !u!4 &4679287299755514
Transform:
  m_ObjectHideFlags: 1
  m_PrefabParentObject: {fileID: 0}
  m_PrefabInternal: {fileID: 100100000}
  m_GameObject: {fileID: 1518511836841994}
  m_LocalRotation: {x: 0, y: -0.01745297, z: -0, w: 0.9998477}
  m_LocalPosition: {x: 3.2679574, y: -3.8054097, z: 0.00005215535}
  m_LocalScale: {x: 1, y: 1, z: 1}
  m_Children: []
  m_Father: {fileID: 4255947501477076}
  m_RootOrder: 0
  m_LocalEulerAnglesHint: {x: 0, y: 0, z: 0}
--- !u!4 &4682526540159270
Transform:
  m_ObjectHideFlags: 1
  m_PrefabParentObject: {fileID: 0}
  m_PrefabInternal: {fileID: 100100000}
  m_GameObject: {fileID: 1662777217464906}
  m_LocalRotation: {x: 0.013111505, y: 0.78331506, z: 0.6083661, w: -0.12702876}
  m_LocalPosition: {x: 2.2804513, y: 8.993021, z: 1.2314243}
  m_LocalScale: {x: 0.8050665, y: 0.8050665, z: 0.8050665}
  m_Children: []
  m_Father: {fileID: 4617664398634528}
  m_RootOrder: 5
  m_LocalEulerAnglesHint: {x: 0, y: 0, z: 0}
--- !u!4 &4728908651412364
Transform:
  m_ObjectHideFlags: 1
  m_PrefabParentObject: {fileID: 0}
  m_PrefabInternal: {fileID: 100100000}
  m_GameObject: {fileID: 1932504746883264}
  m_LocalRotation: {x: 0.15135169, y: -0.50938916, z: -0.029798897, w: 0.84659755}
  m_LocalPosition: {x: -6.875319, y: -1.3143321, z: 0.412148}
  m_LocalScale: {x: 1, y: 1, z: 1}
  m_Children:
  - {fileID: 4527722727624020}
  m_Father: {fileID: 4607783012313820}
  m_RootOrder: 0
  m_LocalEulerAnglesHint: {x: 0, y: 0, z: 0}
--- !u!4 &4728951156190958
Transform:
  m_ObjectHideFlags: 1
  m_PrefabParentObject: {fileID: 0}
  m_PrefabInternal: {fileID: 100100000}
  m_GameObject: {fileID: 1145597761528880}
  m_LocalRotation: {x: -0, y: -0, z: -0, w: 1}
  m_LocalPosition: {x: 0, y: 0.24, z: 0}
  m_LocalScale: {x: 1.3, y: 1.3, z: 1.3}
  m_Children:
  - {fileID: 4375216801717564}
  - {fileID: 4040359932300696}
  m_Father: {fileID: 4590675889100776}
  m_RootOrder: 2
  m_LocalEulerAnglesHint: {x: 0, y: 0, z: 0}
--- !u!4 &4733028383438922
Transform:
  m_ObjectHideFlags: 1
  m_PrefabParentObject: {fileID: 0}
  m_PrefabInternal: {fileID: 100100000}
  m_GameObject: {fileID: 1767440187865106}
  m_LocalRotation: {x: -6.8426026e-18, y: -0.070146404, z: 1.1265574e-17, w: 0.9975367}
  m_LocalPosition: {x: -48.41483, y: -2.5053217e-14, z: 1.7763568e-15}
  m_LocalScale: {x: 1, y: 1, z: 1}
  m_Children:
  - {fileID: 4065012796496742}
  m_Father: {fileID: 4813888897351086}
  m_RootOrder: 0
  m_LocalEulerAnglesHint: {x: 0, y: 0, z: 0}
--- !u!4 &4741197360110114
Transform:
  m_ObjectHideFlags: 1
  m_PrefabParentObject: {fileID: 0}
  m_PrefabInternal: {fileID: 100100000}
  m_GameObject: {fileID: 1453881984713892}
  m_LocalRotation: {x: 0.076333635, y: -0.076333635, z: -0.70297456, w: 0.7029745}
  m_LocalPosition: {x: -48.41486, y: -9.20628e-15, z: 0}
  m_LocalScale: {x: 1, y: 1, z: 1}
  m_Children:
  - {fileID: 4981711559292864}
  m_Father: {fileID: 4247962923671422}
  m_RootOrder: 0
  m_LocalEulerAnglesHint: {x: 0, y: 0, z: 0}
--- !u!4 &4747259494266258
Transform:
  m_ObjectHideFlags: 1
  m_PrefabParentObject: {fileID: 0}
  m_PrefabInternal: {fileID: 100100000}
  m_GameObject: {fileID: 1165148755320254}
  m_LocalRotation: {x: 0.26788637, y: -0.13698047, z: 0.017072093, w: 0.9535102}
  m_LocalPosition: {x: 27.055101, y: -0.8383205, z: 1.3973331}
  m_LocalScale: {x: 1, y: 1, z: 1}
  m_Children:
  - {fileID: 4351524687278914}
  m_Father: {fileID: 4140964460252286}
  m_RootOrder: 0
  m_LocalEulerAnglesHint: {x: 0, y: 0, z: 0}
--- !u!4 &4755799812838998
Transform:
  m_ObjectHideFlags: 1
  m_PrefabParentObject: {fileID: 0}
  m_PrefabInternal: {fileID: 100100000}
  m_GameObject: {fileID: 1134375756311160}
  m_LocalRotation: {x: 0, y: 0, z: 0.21214615, w: 0.977238}
  m_LocalPosition: {x: -2.5687346, y: 112.927124, z: 0}
  m_LocalScale: {x: 1, y: 1, z: 1}
  m_Children:
  - {fileID: 4813888897351086}
  - {fileID: 4247962923671422}
  - {fileID: 4374191257486776}
  m_Father: {fileID: 4040359932300696}
  m_RootOrder: 0
  m_LocalEulerAnglesHint: {x: 0, y: 0, z: 0}
--- !u!4 &4769922912174914
Transform:
  m_ObjectHideFlags: 1
  m_PrefabParentObject: {fileID: 0}
  m_PrefabInternal: {fileID: 100100000}
  m_GameObject: {fileID: 1437406715789502}
  m_LocalRotation: {x: 0.70535433, y: -0.70535415, z: -0.049753297, w: -0.04975331}
  m_LocalPosition: {x: -0.0000019414003, y: 41.66765, z: -3.1918848}
  m_LocalScale: {x: 1, y: 1, z: 1}
  m_Children:
  - {fileID: 4244577970606928}
  - {fileID: 4428198078739638}
  m_Father: {fileID: 4416997143401078}
  m_RootOrder: 0
  m_LocalEulerAnglesHint: {x: 0, y: 0, z: 0}
--- !u!4 &4790456093669010
Transform:
  m_ObjectHideFlags: 1
  m_PrefabParentObject: {fileID: 0}
  m_PrefabInternal: {fileID: 100100000}
  m_GameObject: {fileID: 1382320773803126}
  m_LocalRotation: {x: 0, y: -0, z: -0.0000052541914, w: 1}
  m_LocalPosition: {x: 4.5480266, y: -1.444251, z: 0.4048972}
  m_LocalScale: {x: 1, y: 1, z: 1}
  m_Children:
  - {fileID: 4639234294705858}
  m_Father: {fileID: 4919279010641746}
  m_RootOrder: 0
  m_LocalEulerAnglesHint: {x: 0, y: 0, z: 0}
--- !u!4 &4813888897351086
Transform:
  m_ObjectHideFlags: 1
  m_PrefabParentObject: {fileID: 0}
  m_PrefabInternal: {fileID: 100100000}
  m_GameObject: {fileID: 1788020876301834}
  m_LocalRotation: {x: -0.028409662, y: 0.009115444, z: 0.5388927, w: 0.8418459}
  m_LocalPosition: {x: -15.121752, y: -1.7763568e-15, z: 0}
  m_LocalScale: {x: 1, y: 1, z: 1}
  m_Children:
  - {fileID: 4733028383438922}
  m_Father: {fileID: 4755799812838998}
  m_RootOrder: 0
  m_LocalEulerAnglesHint: {x: 0, y: 0, z: 0}
--- !u!4 &4816907315768306
Transform:
  m_ObjectHideFlags: 1
  m_PrefabParentObject: {fileID: 0}
  m_PrefabInternal: {fileID: 100100000}
  m_GameObject: {fileID: 1316470378675000}
  m_LocalRotation: {x: -0.004012213, y: 0.09014662, z: 0.044282228, w: 0.9949355}
  m_LocalPosition: {x: -27.305466, y: -3.1455085, z: 0}
  m_LocalScale: {x: 1, y: 1, z: 1}
  m_Children:
  - {fileID: 4617664398634528}
  m_Father: {fileID: 4542499255703858}
  m_RootOrder: 0
  m_LocalEulerAnglesHint: {x: 0, y: 0, z: 0}
--- !u!4 &4842977157250870
Transform:
  m_ObjectHideFlags: 1
  m_PrefabParentObject: {fileID: 0}
  m_PrefabInternal: {fileID: 100100000}
  m_GameObject: {fileID: 1861974341697062}
  m_LocalRotation: {x: 0, y: -0, z: -0, w: 1}
  m_LocalPosition: {x: -12.176598, y: 1.1535356, z: -3.8428943}
  m_LocalScale: {x: 1, y: 1, z: 1}
  m_Children:
  - {fileID: 4618785995317746}
  m_Father: {fileID: 4617664398634528}
  m_RootOrder: 2
  m_LocalEulerAnglesHint: {x: 0, y: 0, z: 0}
--- !u!4 &4870733897420948
Transform:
  m_ObjectHideFlags: 1
  m_PrefabParentObject: {fileID: 0}
  m_PrefabInternal: {fileID: 100100000}
  m_GameObject: {fileID: 1509561140800664}
  m_LocalRotation: {x: 0.0030493438, y: 0.036150225, z: 0.08399818, w: 0.9958053}
  m_LocalPosition: {x: -2.4473193, y: -4.0427547, z: 8.604804}
  m_LocalScale: {x: 1, y: 1, z: 1}
  m_Children:
  - {fileID: 4607783012313820}
  m_Father: {fileID: 4617664398634528}
  m_RootOrder: 4
  m_LocalEulerAnglesHint: {x: 0, y: 0, z: 0}
--- !u!4 &4873263184664818
Transform:
  m_ObjectHideFlags: 1
  m_PrefabParentObject: {fileID: 0}
  m_PrefabInternal: {fileID: 100100000}
  m_GameObject: {fileID: 1212307014211592}
  m_LocalRotation: {x: 0.05292048, y: -0.09997214, z: 0.46504498, w: 0.8780309}
  m_LocalPosition: {x: -7.5850296, y: -1.8258861, z: 0.55307555}
  m_LocalScale: {x: 1, y: 1, z: 1}
  m_Children:
  - {fileID: 4318405171903696}
  m_Father: {fileID: 4462567288082086}
  m_RootOrder: 0
  m_LocalEulerAnglesHint: {x: 0, y: 0, z: 0}
--- !u!4 &4899368096119312
Transform:
  m_ObjectHideFlags: 1
  m_PrefabParentObject: {fileID: 0}
  m_PrefabInternal: {fileID: 100100000}
  m_GameObject: {fileID: 1849415537992428}
  m_LocalRotation: {x: -0.688112, y: 0.70408785, z: 0.06527112, w: -0.162794}
  m_LocalPosition: {x: -0, y: 12.666667, z: 0}
  m_LocalScale: {x: 1, y: 1, z: 1}
  m_Children:
  - {fileID: 4416997143401078}
  m_Father: {fileID: 4279063551501188}
  m_RootOrder: 1
  m_LocalEulerAnglesHint: {x: 0, y: 0, z: 0}
--- !u!4 &4909660133291534
Transform:
  m_ObjectHideFlags: 1
  m_PrefabParentObject: {fileID: 0}
  m_PrefabInternal: {fileID: 100100000}
  m_GameObject: {fileID: 1439375792813028}
  m_LocalRotation: {x: 0, y: 0, z: 0.39822054, w: 0.91728973}
  m_LocalPosition: {x: -12.871645, y: 1.731806, z: 9.393981}
  m_LocalScale: {x: 1, y: 1, z: 1}
  m_Children:
  - {fileID: 4324050795388724}
  m_Father: {fileID: 4617664398634528}
  m_RootOrder: 0
  m_LocalEulerAnglesHint: {x: 0, y: 0, z: 0}
--- !u!4 &4919279010641746
Transform:
  m_ObjectHideFlags: 1
  m_PrefabParentObject: {fileID: 0}
  m_PrefabInternal: {fileID: 100100000}
  m_GameObject: {fileID: 1988917551061996}
  m_LocalRotation: {x: 0, y: 0, z: 0.0000052541914, w: 1}
  m_LocalPosition: {x: 6.054052, y: -1.5815575, z: 1.3377792}
  m_LocalScale: {x: 1, y: 1, z: 1}
  m_Children:
  - {fileID: 4790456093669010}
  m_Father: {fileID: 4554399657345952}
  m_RootOrder: 0
  m_LocalEulerAnglesHint: {x: 0, y: 0, z: 0}
--- !u!4 &4946196055438904
Transform:
  m_ObjectHideFlags: 1
  m_PrefabParentObject: {fileID: 0}
  m_PrefabInternal: {fileID: 100100000}
  m_GameObject: {fileID: 1811355071649920}
  m_LocalRotation: {x: -0.056657966, y: -0.0026989044, z: -0.20854218, w: 0.9763671}
  m_LocalPosition: {x: 5.6790547, y: -1.0263405, z: -0.83394367}
  m_LocalScale: {x: 1, y: 1, z: 1}
  m_Children:
  - {fileID: 4227310222207294}
  m_Father: {fileID: 4664100875629956}
  m_RootOrder: 0
  m_LocalEulerAnglesHint: {x: 0, y: 0, z: 0}
--- !u!4 &4970104702318376
Transform:
  m_ObjectHideFlags: 1
  m_PrefabParentObject: {fileID: 0}
  m_PrefabInternal: {fileID: 100100000}
  m_GameObject: {fileID: 1276088932676536}
  m_LocalRotation: {x: 0, y: 0, z: 0.044828013, w: 0.9989947}
  m_LocalPosition: {x: 13.097522, y: 2.5342243, z: 6.649826}
  m_LocalScale: {x: 1, y: 1, z: 1}
  m_Children: []
  m_Father: {fileID: 4351524687278914}
  m_RootOrder: 0
  m_LocalEulerAnglesHint: {x: 0, y: 0, z: 0}
--- !u!4 &4981711559292864
Transform:
  m_ObjectHideFlags: 1
  m_PrefabParentObject: {fileID: 0}
  m_PrefabInternal: {fileID: 100100000}
  m_GameObject: {fileID: 1231174114599762}
  m_LocalRotation: {x: -0.0072621214, y: -0.004054548, z: 0.030604478, w: 0.999497}
  m_LocalPosition: {x: -0.000000919, y: -51.586853, z: -5.2017016}
  m_LocalScale: {x: 1, y: 1, z: 1}
  m_Children:
  - {fileID: 4582894971232670}
  m_Father: {fileID: 4741197360110114}
  m_RootOrder: 0
  m_LocalEulerAnglesHint: {x: 0, y: 0, z: 0}
--- !u!23 &23474405350436048
MeshRenderer:
  m_ObjectHideFlags: 1
  m_PrefabParentObject: {fileID: 0}
  m_PrefabInternal: {fileID: 100100000}
  m_GameObject: {fileID: 1662777217464906}
  m_Enabled: 1
  m_CastShadows: 1
  m_ReceiveShadows: 1
  m_MotionVectors: 1
  m_LightProbeUsage: 1
  m_ReflectionProbeUsage: 1
  m_Materials:
  - {fileID: 2100000, guid: 38383a3a592e42c4fa40e5156a294bad, type: 2}
  m_StaticBatchInfo:
    firstSubMesh: 0
    subMeshCount: 0
  m_StaticBatchRoot: {fileID: 0}
  m_ProbeAnchor: {fileID: 0}
  m_LightProbeVolumeOverride: {fileID: 0}
  m_ScaleInLightmap: 1
  m_PreserveUVs: 0
  m_IgnoreNormalsForChartDetection: 0
  m_ImportantGI: 0
  m_SelectedEditorRenderState: 3
  m_MinimumChartSize: 4
  m_AutoUVMaxDistance: 0.5
  m_AutoUVMaxAngle: 89
  m_LightmapParameters: {fileID: 0}
  m_SortingLayerID: 0
  m_SortingLayer: 0
  m_SortingOrder: 0
--- !u!23 &23695775806111342
MeshRenderer:
  m_ObjectHideFlags: 1
  m_PrefabParentObject: {fileID: 0}
  m_PrefabInternal: {fileID: 100100000}
  m_GameObject: {fileID: 1971114073394748}
  m_Enabled: 1
  m_CastShadows: 1
  m_ReceiveShadows: 1
  m_MotionVectors: 1
  m_LightProbeUsage: 1
  m_ReflectionProbeUsage: 1
  m_Materials:
  - {fileID: 2100000, guid: ee84835351db38c4a91c1712aa91ad11, type: 2}
  m_StaticBatchInfo:
    firstSubMesh: 0
    subMeshCount: 0
  m_StaticBatchRoot: {fileID: 0}
  m_ProbeAnchor: {fileID: 0}
  m_LightProbeVolumeOverride: {fileID: 0}
  m_ScaleInLightmap: 1
  m_PreserveUVs: 0
  m_IgnoreNormalsForChartDetection: 0
  m_ImportantGI: 0
  m_SelectedEditorRenderState: 3
  m_MinimumChartSize: 4
  m_AutoUVMaxDistance: 0.5
  m_AutoUVMaxAngle: 89
  m_LightmapParameters: {fileID: 0}
  m_SortingLayerID: 0
  m_SortingLayer: 0
  m_SortingOrder: 0
--- !u!23 &23834651193824116
MeshRenderer:
  m_ObjectHideFlags: 1
  m_PrefabParentObject: {fileID: 0}
  m_PrefabInternal: {fileID: 100100000}
  m_GameObject: {fileID: 1069875149431558}
  m_Enabled: 1
  m_CastShadows: 1
  m_ReceiveShadows: 1
  m_MotionVectors: 1
  m_LightProbeUsage: 1
  m_ReflectionProbeUsage: 1
  m_Materials:
  - {fileID: 2100000, guid: 38383a3a592e42c4fa40e5156a294bad, type: 2}
  m_StaticBatchInfo:
    firstSubMesh: 0
    subMeshCount: 0
  m_StaticBatchRoot: {fileID: 0}
  m_ProbeAnchor: {fileID: 0}
  m_LightProbeVolumeOverride: {fileID: 0}
  m_ScaleInLightmap: 1
  m_PreserveUVs: 0
  m_IgnoreNormalsForChartDetection: 0
  m_ImportantGI: 0
  m_SelectedEditorRenderState: 3
  m_MinimumChartSize: 4
  m_AutoUVMaxDistance: 0.5
  m_AutoUVMaxAngle: 89
  m_LightmapParameters: {fileID: 0}
  m_SortingLayerID: 0
  m_SortingLayer: 0
  m_SortingOrder: 0
--- !u!33 &33077427685210302
MeshFilter:
  m_ObjectHideFlags: 1
  m_PrefabParentObject: {fileID: 0}
  m_PrefabInternal: {fileID: 100100000}
  m_GameObject: {fileID: 1971114073394748}
  m_Mesh: {fileID: 4300000, guid: 3cd635f5dcb47de4d8a00becb2a5fdbc, type: 3}
--- !u!33 &33543236433128838
MeshFilter:
  m_ObjectHideFlags: 1
  m_PrefabParentObject: {fileID: 0}
  m_PrefabInternal: {fileID: 100100000}
  m_GameObject: {fileID: 1069875149431558}
  m_Mesh: {fileID: 4300004, guid: 8e4aa8a9eab4cbc4899f6792b8613a32, type: 3}
--- !u!33 &33548616840559966
MeshFilter:
  m_ObjectHideFlags: 1
  m_PrefabParentObject: {fileID: 0}
  m_PrefabInternal: {fileID: 100100000}
  m_GameObject: {fileID: 1662777217464906}
  m_Mesh: {fileID: 4300002, guid: 8e4aa8a9eab4cbc4899f6792b8613a32, type: 3}
--- !u!54 &54026777109772762
Rigidbody:
  m_ObjectHideFlags: 1
  m_PrefabParentObject: {fileID: 0}
  m_PrefabInternal: {fileID: 100100000}
  m_GameObject: {fileID: 1828425839081412}
  serializedVersion: 2
  m_Mass: 1
  m_Drag: 0
  m_AngularDrag: 0.05
  m_UseGravity: 1
  m_IsKinematic: 1
  m_Interpolate: 0
  m_Constraints: 0
  m_CollisionDetection: 0
--- !u!54 &54455932843497358
Rigidbody:
  m_ObjectHideFlags: 1
  m_PrefabParentObject: {fileID: 0}
  m_PrefabInternal: {fileID: 100100000}
  m_GameObject: {fileID: 1662777217464906}
  serializedVersion: 2
  m_Mass: 1
  m_Drag: 0
  m_AngularDrag: 0.05
  m_UseGravity: 1
  m_IsKinematic: 1
  m_Interpolate: 0
  m_Constraints: 0
  m_CollisionDetection: 0
--- !u!54 &54959321136654450
Rigidbody:
  m_ObjectHideFlags: 1
  m_PrefabParentObject: {fileID: 0}
  m_PrefabInternal: {fileID: 100100000}
  m_GameObject: {fileID: 1069875149431558}
  serializedVersion: 2
  m_Mass: 1
  m_Drag: 0
  m_AngularDrag: 0.05
  m_UseGravity: 1
  m_IsKinematic: 1
  m_Interpolate: 0
  m_Constraints: 0
  m_CollisionDetection: 0
--- !u!65 &65323994837141828
BoxCollider:
  m_ObjectHideFlags: 1
  m_PrefabParentObject: {fileID: 0}
  m_PrefabInternal: {fileID: 100100000}
  m_GameObject: {fileID: 1662777217464906}
  m_Material: {fileID: 0}
  m_IsTrigger: 0
  m_Enabled: 0
  serializedVersion: 2
  m_Size: {x: 100.84829, y: 152.32655, z: 18.77529}
  m_Center: {x: -0.00024264446, y: -33.46914, z: 0.0000044885273}
--- !u!65 &65755833285652526
BoxCollider:
  m_ObjectHideFlags: 1
  m_PrefabParentObject: {fileID: 0}
  m_PrefabInternal: {fileID: 100100000}
  m_GameObject: {fileID: 1069875149431558}
  m_Material: {fileID: 0}
  m_IsTrigger: 0
  m_Enabled: 0
  serializedVersion: 2
  m_Size: {x: 30.940126, y: 127.10458, z: 6.8676233}
  m_Center: {x: 0.000011685544, y: -51.949352, z: -0.00024530178}
--- !u!65 &65937967823513650
BoxCollider:
  m_ObjectHideFlags: 1
  m_PrefabParentObject: {fileID: 0}
  m_PrefabInternal: {fileID: 100100000}
  m_GameObject: {fileID: 1828425839081412}
  m_Material: {fileID: 0}
  m_IsTrigger: 0
  m_Enabled: 1
  serializedVersion: 2
  m_Size: {x: 0.7, y: 0.7, z: 0.7}
  m_Center: {x: 0, y: 0, z: 0}
--- !u!82 &82570313204013812
AudioSource:
  m_ObjectHideFlags: 1
  m_PrefabParentObject: {fileID: 0}
  m_PrefabInternal: {fileID: 100100000}
  m_GameObject: {fileID: 1828425839081412}
  m_Enabled: 1
  serializedVersion: 4
  OutputAudioMixerGroup: {fileID: 243540718971168000, guid: fe57f5d48dcc1f04696bf63468a6f10c,
    type: 2}
  m_audioClip: {fileID: 0}
  m_PlayOnAwake: 1
  m_Volume: 1
  m_Pitch: 1
  Loop: 0
  Mute: 0
  Spatialize: 0
  SpatializePostEffects: 0
  Priority: 128
  DopplerLevel: 1
  MinDistance: 1
  MaxDistance: 500
  Pan2D: 0
  rolloffMode: 0
  BypassEffects: 0
  BypassListenerEffects: 0
  BypassReverbZones: 0
  rolloffCustomCurve:
    serializedVersion: 2
    m_Curve:
    - serializedVersion: 2
      time: 0
      value: 1
      inSlope: 0
      outSlope: 0
      tangentMode: 0
    - serializedVersion: 2
      time: 1
      value: 0
      inSlope: 0
      outSlope: 0
      tangentMode: 0
    m_PreInfinity: 2
    m_PostInfinity: 2
    m_RotationOrder: 4
  panLevelCustomCurve:
    serializedVersion: 2
    m_Curve:
    - serializedVersion: 2
      time: 0
      value: 0
      inSlope: 0
      outSlope: 0
      tangentMode: 0
    m_PreInfinity: 2
    m_PostInfinity: 2
    m_RotationOrder: 0
  spreadCustomCurve:
    serializedVersion: 2
    m_Curve:
    - serializedVersion: 2
      time: 0
      value: 0
      inSlope: 0
      outSlope: 0
      tangentMode: 0
    m_PreInfinity: 2
    m_PostInfinity: 2
    m_RotationOrder: 0
  reverbZoneMixCustomCurve:
    serializedVersion: 2
    m_Curve:
    - serializedVersion: 2
      time: 0
      value: 1
      inSlope: 0
      outSlope: 0
      tangentMode: 0
    m_PreInfinity: 2
    m_PostInfinity: 2
    m_RotationOrder: 0
--- !u!95 &95075360804727760
Animator:
  serializedVersion: 3
  m_ObjectHideFlags: 1
  m_PrefabParentObject: {fileID: 0}
  m_PrefabInternal: {fileID: 100100000}
  m_GameObject: {fileID: 1971114073394748}
  m_Enabled: 1
  m_Avatar: {fileID: 9000000, guid: 3cd635f5dcb47de4d8a00becb2a5fdbc, type: 3}
  m_Controller: {fileID: 0}
  m_CullingMode: 0
  m_UpdateMode: 0
  m_ApplyRootMotion: 0
  m_LinearVelocityBlending: 0
  m_WarningMessage: 
  m_HasTransformHierarchy: 1
  m_AllowConstantClipSamplingOptimization: 1
--- !u!95 &95630117918250364
Animator:
  serializedVersion: 3
  m_ObjectHideFlags: 1
  m_PrefabParentObject: {fileID: 0}
  m_PrefabInternal: {fileID: 100100000}
  m_GameObject: {fileID: 1123556757875892}
  m_Enabled: 1
  m_Avatar: {fileID: 0}
  m_Controller: {fileID: 9100000, guid: c1ff12df268602249897975656a8ca67, type: 2}
  m_CullingMode: 0
  m_UpdateMode: 0
  m_ApplyRootMotion: 0
  m_LinearVelocityBlending: 0
  m_WarningMessage: 
  m_HasTransformHierarchy: 1
  m_AllowConstantClipSamplingOptimization: 1
--- !u!95 &95753260618866646
Animator:
  serializedVersion: 3
  m_ObjectHideFlags: 1
  m_PrefabParentObject: {fileID: 0}
  m_PrefabInternal: {fileID: 100100000}
  m_GameObject: {fileID: 1145597761528880}
  m_Enabled: 1
  m_Avatar: {fileID: 9000000, guid: 8e4aa8a9eab4cbc4899f6792b8613a32, type: 3}
  m_Controller: {fileID: 9100000, guid: c9da4e4e612da09429a50889de526b57, type: 2}
  m_CullingMode: 1
  m_UpdateMode: 0
  m_ApplyRootMotion: 0
  m_LinearVelocityBlending: 0
  m_WarningMessage: 
  m_HasTransformHierarchy: 1
  m_AllowConstantClipSamplingOptimization: 1
--- !u!114 &114155362176873624
MonoBehaviour:
  m_ObjectHideFlags: 1
  m_PrefabParentObject: {fileID: 0}
  m_PrefabInternal: {fileID: 100100000}
  m_GameObject: {fileID: 1828425839081412}
  m_Enabled: 1
  m_EditorHideFlags: 0
  m_Script: {fileID: 11500000, guid: c655ecb1a7b210d449faeca0392854ab, type: 3}
  m_Name: 
  m_EditorClassIdentifier: 
  tooltipInfo: 
--- !u!114 &114532261231788834
MonoBehaviour:
  m_ObjectHideFlags: 1
  m_PrefabParentObject: {fileID: 0}
  m_PrefabInternal: {fileID: 100100000}
  m_GameObject: {fileID: 1149791027347048}
  m_Enabled: 1
  m_EditorHideFlags: 0
  m_Script: {fileID: 11500000, guid: b8c77949af168094ebf010f706af3d99, type: 3}
  m_Name: 
  m_EditorClassIdentifier: 
  dissolveSpeed: 0.5
  keepAfter: 0
  unParents:
  - {fileID: 1069875149431558}
  - {fileID: 1662777217464906}
  animators:
  - {fileID: 95630117918250364}
  - {fileID: 95753260618866646}
  isBase: 0
--- !u!114 &114544314183865250
MonoBehaviour:
  m_ObjectHideFlags: 1
  m_PrefabParentObject: {fileID: 0}
  m_PrefabInternal: {fileID: 100100000}
  m_GameObject: {fileID: 1828425839081412}
  m_Enabled: 1
  m_EditorHideFlags: 0
  m_Script: {fileID: 11500000, guid: 2e2ec55342c18d042b119036bd847e22, type: 3}
  m_Name: 
  m_EditorClassIdentifier: 
  bar: {fileID: 114841405288972312, guid: 02630378ad42fb24d9d0e246086b855f, type: 2}
  worldCanvas: {fileID: 0}
  barPos: {x: 0, y: 3, z: 0}
  scale: 1
--- !u!114 &114816898175467544
MonoBehaviour:
  m_ObjectHideFlags: 1
  m_PrefabParentObject: {fileID: 0}
  m_PrefabInternal: {fileID: 100100000}
  m_GameObject: {fileID: 1828425839081412}
  m_Enabled: 1
  m_EditorHideFlags: 0
  m_Script: {fileID: 11500000, guid: 3880fe621da58784c9a3d779279ce880, type: 3}
  m_Name: 
  m_EditorClassIdentifier: 
  unitName: Corrupted Defender
  level:
    currentExp: 0
    essenceValue: 350
    expValue: 175
    unitLevel: 0
    skillPoints: 0
  baseStats:
    HP: 210
    maxHP: 210
    attackRange: 1
    damageRange:
      min: 25
      max: 40
    accuracy: 70
    dodge: 0
    critChance: 10
    critMod: 1.5
    defence: 0
    actionPoints: 9
    moveSpeed: 5
    visionRange: 10
  stats:
    HP: 100
    maxHP: 100
    attackRange: 1
    damageRange:
      min: 10
      max: 20
    accuracy: 60
    dodge: 0
    critChance: 10
    critMod: 2
    defence: 0
    actionPoints: 9
    moveSpeed: 5
    visionRange: 10
  lvlStats:
    HP: 30
    maxHP: 30
    attackRange: 0
    damageRange:
      min: 3
      max: 5
    accuracy: 3
    dodge: 0
    critChance: 0
    critMod: 0
    defence: 0
    actionPoints: 0
    moveSpeed: 0
    visionRange: 0
  staticStatsMod:
    HP: 100
    maxHP: 100
    attackRange: 1
    damageRange:
      min: 10
      max: 20
    accuracy: 60
    dodge: 0
    critChance: 10
    critMod: 2
    defence: 0
    actionPoints: 9
    moveSpeed: 5
    visionRange: 10
  multStatsMod:
    HP: 100
    maxHP: 100
    attackRange: 1
    damageRange:
      min: 10
      max: 20
    accuracy: 60
    dodge: 0
    critChance: 10
    critMod: 2
    defence: 0
    actionPoints: 9
    moveSpeed: 5
    visionRange: 10
  statuses:
  - {fileID: 11400000, guid: 5ecb7889f8602ff4cab0612ed919bb27, type: 2}
  minAP: 0
  actionCost: 0
  unitType: 2
  abilityList:
  - {fileID: 11400000, guid: 170aad9d284386c4b8e22a5efd3b1e23, type: 2}
  abilities: []
  skillTree: {fileID: 0}
  objectiveID: 
  isDead: 0
  healthBar: {fileID: 0}
  headPos: 2
  headTransform: {fileID: 0}
  escapeCost: 3
  beenRevealed: 0
  cTile: {fileID: 0}
  followingPath: 0
  baseRenderer: {fileID: 0}
  unitIcon: {fileID: 0}
  audioSource: {fileID: 0}
  deathSound: {fileID: 0}
  damageDealt: 0
  kills: 0
  healthHealed: 0
  damageTaken: 0
  daysInjured: 0
  unitClass: 
  animators: []
  blends:
  - 0
  - 0
  - 0
  - 0.2
  - 0.5
  - 0.8
  - 1
  - 1
  - 1
  unitUI: {fileID: 0}
  unitSaveID: 18
  isHuge: 0
  hugeFactor: 0
  shakeAmount: 1
  shakeDuration: 0.5
  moveSpeedMod: 0.1
  stompDamage: 0
  forwardTarget: {x: 0, y: 0, z: 0}
  currentTarget: {fileID: 0}
  actionValue: 0
  executingAction: 0
  alertRadius: 20
  startActivated: 0
  eventActivateOnly: 0
  patrol:
    squadLeader: {fileID: 0}
    patrolPoints: []
    patrolTiles: []
    randomOrder: 0
  active: 0
--- !u!114 &114917119844207764
MonoBehaviour:
  m_ObjectHideFlags: 1
  m_PrefabParentObject: {fileID: 0}
  m_PrefabInternal: {fileID: 100100000}
  m_GameObject: {fileID: 1828425839081412}
  m_Enabled: 1
  m_EditorHideFlags: 0
  m_Script: {fileID: 11500000, guid: a558d735e16b2a347a1ec2519ae43730, type: 3}
  m_Name: 
  m_EditorClassIdentifier: 
--- !u!114 &114959230011068618
MonoBehaviour:
  m_ObjectHideFlags: 1
  m_PrefabParentObject: {fileID: 0}
  m_PrefabInternal: {fileID: 100100000}
  m_GameObject: {fileID: 1971114073394748}
  m_Enabled: 1
  m_EditorHideFlags: 0
  m_Script: {fileID: 11500000, guid: b8c77949af168094ebf010f706af3d99, type: 3}
  m_Name: 
  m_EditorClassIdentifier: 
  dissolveSpeed: 0.5
  keepAfter: 0
  unParents: []
  animators: []
  isBase: 1
--- !u!136 &136364412828489414
CapsuleCollider:
  m_ObjectHideFlags: 1
  m_PrefabParentObject: {fileID: 0}
  m_PrefabInternal: {fileID: 100100000}
  m_GameObject: {fileID: 1828425839081412}
  m_Material: {fileID: 0}
  m_IsTrigger: 0
  m_Enabled: 1
  m_Radius: 0.5
  m_Height: 2.3
  m_Direction: 1
  m_Center: {x: 0, y: 1.27, z: 0}
--- !u!137 &137426975072784658
SkinnedMeshRenderer:
  m_ObjectHideFlags: 1
  m_PrefabParentObject: {fileID: 0}
  m_PrefabInternal: {fileID: 100100000}
  m_GameObject: {fileID: 1149791027347048}
  m_Enabled: 1
  m_CastShadows: 1
  m_ReceiveShadows: 1
  m_MotionVectors: 1
  m_LightProbeUsage: 1
  m_ReflectionProbeUsage: 1
  m_Materials:
  - {fileID: 2100000, guid: e915f096e8fe33b4f957a47ec16d1cf1, type: 2}
  m_StaticBatchInfo:
    firstSubMesh: 0
    subMeshCount: 0
  m_StaticBatchRoot: {fileID: 0}
  m_ProbeAnchor: {fileID: 0}
  m_LightProbeVolumeOverride: {fileID: 0}
  m_ScaleInLightmap: 1
  m_PreserveUVs: 0
  m_IgnoreNormalsForChartDetection: 0
  m_ImportantGI: 0
  m_SelectedEditorRenderState: 3
  m_MinimumChartSize: 4
  m_AutoUVMaxDistance: 0.5
  m_AutoUVMaxAngle: 89
  m_LightmapParameters: {fileID: 0}
  m_SortingLayerID: 0
  m_SortingLayer: 0
  m_SortingOrder: 0
  serializedVersion: 2
  m_Quality: 0
  m_UpdateWhenOffscreen: 0
  m_SkinnedMotionVectors: 1
  m_Mesh: {fileID: 4300000, guid: 8e4aa8a9eab4cbc4899f6792b8613a32, type: 3}
  m_Bones:
  - {fileID: 4755799812838998}
  - {fileID: 4813888897351086}
  - {fileID: 4733028383438922}
  - {fileID: 4065012796496742}
  - {fileID: 4664838921272312}
  - {fileID: 4247962923671422}
  - {fileID: 4741197360110114}
  - {fileID: 4981711559292864}
  - {fileID: 4582894971232670}
  - {fileID: 4374191257486776}
  - {fileID: 4627146214689820}
  - {fileID: 4279063551501188}
  - {fileID: 4218644879892344}
  - {fileID: 4542499255703858}
  - {fileID: 4816907315768306}
  - {fileID: 4617664398634528}
  - {fileID: 4870733897420948}
  - {fileID: 4607783012313820}
  - {fileID: 4728908651412364}
  - {fileID: 4527722727624020}
  - {fileID: 4909660133291534}
  - {fileID: 4324050795388724}
  - {fileID: 4278567892705502}
  - {fileID: 4098656715131502}
  - {fileID: 4392761083783334}
  - {fileID: 4462567288082086}
  - {fileID: 4873263184664818}
  - {fileID: 4318405171903696}
  - {fileID: 4668159366265692}
  - {fileID: 4058936507673038}
  - {fileID: 4398447319692734}
  - {fileID: 4042109064791170}
  - {fileID: 4842977157250870}
  - {fileID: 4618785995317746}
  - {fileID: 4042724916973750}
  - {fileID: 4275114028254550}
  - {fileID: 4373860232644820}
  - {fileID: 4140964460252286}
  - {fileID: 4747259494266258}
  - {fileID: 4351524687278914}
  - {fileID: 4554399657345952}
  - {fileID: 4790456093669010}
  - {fileID: 4639234294705858}
  - {fileID: 4970104702318376}
  - {fileID: 4664100875629956}
  - {fileID: 4227310222207294}
  - {fileID: 4652970417798676}
  - {fileID: 4071169832151412}
  - {fileID: 4451841293225794}
  - {fileID: 4255947501477076}
  - {fileID: 4679287299755514}
  - {fileID: 4899368096119312}
  - {fileID: 4416997143401078}
  - {fileID: 4769922912174914}
  - {fileID: 4244577970606928}
  - {fileID: 4600455929500416}
  - {fileID: 4584861955620578}
  - {fileID: 4065973902301050}
  - {fileID: 4008236925383294}
  m_BlendShapeWeights: []
  m_RootBone: {fileID: 4755799812838998}
  m_AABB:
    m_Center: {x: 7.544262, y: 17.075157, z: 0.23323631}
    m_Extent: {x: 81.92584, y: 133.47705, z: 46.800316}
  m_DirtyAABB: 0
--- !u!143 &143765385264293354
CharacterController:
  m_ObjectHideFlags: 1
  m_PrefabParentObject: {fileID: 0}
  m_PrefabInternal: {fileID: 100100000}
  m_GameObject: {fileID: 1828425839081412}
  m_Material: {fileID: 0}
  m_IsTrigger: 0
  m_Enabled: 0
  serializedVersion: 2
  m_Height: 2
  m_Radius: 0.1
  m_SlopeLimit: 45
  m_StepOffset: 0.3
  m_SkinWidth: 0.08
  m_MinMoveDistance: 0.001
  m_Center: {x: 0, y: 1.15, z: 0}
