%YAML 1.1
%TAG !u! tag:unity3d.com,2011:
--- !u!1001 &100100000
Prefab:
  m_ObjectHideFlags: 1
  serializedVersion: 2
  m_Modification:
    m_TransformParent: {fileID: 0}
    m_Modifications: []
    m_RemovedComponents: []
  m_ParentPrefab: {fileID: 0}
  m_RootGameObject: {fileID: 1118169594915782}
  m_IsPrefabParent: 1
--- !u!1 &1008600789774958
GameObject:
  m_ObjectHideFlags: 0
  m_PrefabParentObject: {fileID: 0}
  m_PrefabInternal: {fileID: 100100000}
  serializedVersion: 5
  m_Component:
  - component: {fileID: 4413214463068002}
  - component: {fileID: 95944698770922698}
  m_Layer: 9
  m_Name: Animator
  m_TagString: Untagged
  m_Icon: {fileID: 0}
  m_NavMeshLayer: 0
  m_StaticEditorFlags: 0
  m_IsActive: 1
--- !u!1 &1011863107536068
GameObject:
  m_ObjectHideFlags: 1
  m_PrefabParentObject: {fileID: 0}
  m_PrefabInternal: {fileID: 100100000}
  serializedVersion: 5
  m_Component:
  - component: {fileID: 4990565422645538}
  m_Layer: 0
  m_Name: Rig_Cleaned_and_scaled_down:Character2_Spine
  m_TagString: Untagged
  m_Icon: {fileID: 0}
  m_NavMeshLayer: 0
  m_StaticEditorFlags: 0
  m_IsActive: 1
--- !u!1 &1019830906754838
GameObject:
  m_ObjectHideFlags: 1
  m_PrefabParentObject: {fileID: 0}
  m_PrefabInternal: {fileID: 100100000}
  serializedVersion: 5
  m_Component:
  - component: {fileID: 4671540152654422}
  m_Layer: 0
  m_Name: Rig_Cleaned_and_scaled_down:Character2_LeftHandRing4
  m_TagString: Untagged
  m_Icon: {fileID: 0}
  m_NavMeshLayer: 0
  m_StaticEditorFlags: 0
  m_IsActive: 1
--- !u!1 &1025346708873282
GameObject:
  m_ObjectHideFlags: 1
  m_PrefabParentObject: {fileID: 0}
  m_PrefabInternal: {fileID: 100100000}
  serializedVersion: 5
  m_Component:
  - component: {fileID: 4841664431937366}
  m_Layer: 0
  m_Name: Rig_Cleaned_and_scaled_down:Character2_RightHandRing2
  m_TagString: Untagged
  m_Icon: {fileID: 0}
  m_NavMeshLayer: 0
  m_StaticEditorFlags: 0
  m_IsActive: 1
--- !u!1 &1034669141398166
GameObject:
  m_ObjectHideFlags: 1
  m_PrefabParentObject: {fileID: 0}
  m_PrefabInternal: {fileID: 100100000}
  serializedVersion: 5
  m_Component:
  - component: {fileID: 4345582480776412}
  m_Layer: 0
  m_Name: Rig_Cleaned_and_scaled_down:Character2_LeftHandThumb1
  m_TagString: Untagged
  m_Icon: {fileID: 0}
  m_NavMeshLayer: 0
  m_StaticEditorFlags: 0
  m_IsActive: 1
--- !u!1 &1061038174843714
GameObject:
  m_ObjectHideFlags: 1
  m_PrefabParentObject: {fileID: 0}
  m_PrefabInternal: {fileID: 100100000}
  serializedVersion: 5
  m_Component:
  - component: {fileID: 4946301647410374}
  m_Layer: 0
  m_Name: Rig_Cleaned_and_scaled_down:Character2_LeftHandRing2
  m_TagString: Untagged
  m_Icon: {fileID: 0}
  m_NavMeshLayer: 0
  m_StaticEditorFlags: 0
  m_IsActive: 1
--- !u!1 &1064198578103118
GameObject:
  m_ObjectHideFlags: 1
  m_PrefabParentObject: {fileID: 0}
  m_PrefabInternal: {fileID: 100100000}
  serializedVersion: 5
  m_Component:
  - component: {fileID: 4185263942544560}
  m_Layer: 0
  m_Name: Rig_Cleaned_and_scaled_down:Character2_RightHandMiddle3
  m_TagString: Untagged
  m_Icon: {fileID: 0}
  m_NavMeshLayer: 0
  m_StaticEditorFlags: 0
  m_IsActive: 1
--- !u!1 &1085502516635778
GameObject:
  m_ObjectHideFlags: 1
  m_PrefabParentObject: {fileID: 0}
  m_PrefabInternal: {fileID: 100100000}
  serializedVersion: 5
  m_Component:
  - component: {fileID: 4158628333957362}
  m_Layer: 0
  m_Name: Rig_Cleaned_and_scaled_down:Character2_RightHand
  m_TagString: Untagged
  m_Icon: {fileID: 0}
  m_NavMeshLayer: 0
  m_StaticEditorFlags: 0
  m_IsActive: 1
--- !u!1 &1094200119575868
GameObject:
  m_ObjectHideFlags: 1
  m_PrefabParentObject: {fileID: 0}
  m_PrefabInternal: {fileID: 100100000}
  serializedVersion: 5
  m_Component:
  - component: {fileID: 4342698982010176}
  m_Layer: 0
  m_Name: joint2
  m_TagString: Untagged
  m_Icon: {fileID: 0}
  m_NavMeshLayer: 0
  m_StaticEditorFlags: 0
  m_IsActive: 1
--- !u!1 &1095320243639164
GameObject:
  m_ObjectHideFlags: 1
  m_PrefabParentObject: {fileID: 0}
  m_PrefabInternal: {fileID: 100100000}
  serializedVersion: 5
  m_Component:
  - component: {fileID: 4674408372324540}
  m_Layer: 0
  m_Name: joint1
  m_TagString: Untagged
  m_Icon: {fileID: 0}
  m_NavMeshLayer: 0
  m_StaticEditorFlags: 0
  m_IsActive: 1
--- !u!1 &1118169594915782
GameObject:
  m_ObjectHideFlags: 0
  m_PrefabParentObject: {fileID: 0}
  m_PrefabInternal: {fileID: 100100000}
  serializedVersion: 5
  m_Component:
  - component: {fileID: 4560902631079366}
  - component: {fileID: 143351519627872824}
  - component: {fileID: 54353847620992234}
  - component: {fileID: 114854470912305776}
  - component: {fileID: 114663785119835116}
  - component: {fileID: 114609654220224304}
  - component: {fileID: 114160892130832372}
  - component: {fileID: 65118987226195942}
  - component: {fileID: 82226226569652854}
  - component: {fileID: 136325340461380610}
  m_Layer: 9
  m_Name: Knight Breaker
  m_TagString: Enemy
  m_Icon: {fileID: 5132851093641282708, guid: 0000000000000000d000000000000000, type: 0}
  m_NavMeshLayer: 0
  m_StaticEditorFlags: 0
  m_IsActive: 1
--- !u!1 &1122629420561012
GameObject:
  m_ObjectHideFlags: 1
  m_PrefabParentObject: {fileID: 0}
  m_PrefabInternal: {fileID: 100100000}
  serializedVersion: 5
  m_Component:
  - component: {fileID: 4003795330671380}
  m_Layer: 0
  m_Name: joint3
  m_TagString: Untagged
  m_Icon: {fileID: 0}
  m_NavMeshLayer: 0
  m_StaticEditorFlags: 0
  m_IsActive: 1
--- !u!1 &1131602734459992
GameObject:
  m_ObjectHideFlags: 1
  m_PrefabParentObject: {fileID: 0}
  m_PrefabInternal: {fileID: 100100000}
  serializedVersion: 5
  m_Component:
  - component: {fileID: 4826260795105340}
  m_Layer: 0
  m_Name: Rig_Cleaned_and_scaled_down:Character2_RightHandThumb1
  m_TagString: Untagged
  m_Icon: {fileID: 0}
  m_NavMeshLayer: 0
  m_StaticEditorFlags: 0
  m_IsActive: 1
--- !u!1 &1143635401065680
GameObject:
  m_ObjectHideFlags: 1
  m_PrefabParentObject: {fileID: 0}
  m_PrefabInternal: {fileID: 100100000}
  serializedVersion: 5
  m_Component:
  - component: {fileID: 4310547992790934}
  m_Layer: 0
  m_Name: Rig_Cleaned_and_scaled_down:Character2_LeftUpLeg
  m_TagString: Untagged
  m_Icon: {fileID: 0}
  m_NavMeshLayer: 0
  m_StaticEditorFlags: 0
  m_IsActive: 1
--- !u!1 &1153261980584208
GameObject:
  m_ObjectHideFlags: 1
  m_PrefabParentObject: {fileID: 0}
  m_PrefabInternal: {fileID: 100100000}
  serializedVersion: 5
  m_Component:
  - component: {fileID: 4780375327413086}
  m_Layer: 0
  m_Name: Rig_Cleaned_and_scaled_down:head_Top
  m_TagString: Untagged
  m_Icon: {fileID: 0}
  m_NavMeshLayer: 0
  m_StaticEditorFlags: 0
  m_IsActive: 1
--- !u!1 &1166948566745370
GameObject:
  m_ObjectHideFlags: 1
  m_PrefabParentObject: {fileID: 0}
  m_PrefabInternal: {fileID: 100100000}
  serializedVersion: 5
  m_Component:
  - component: {fileID: 4426728635201788}
  m_Layer: 0
  m_Name: Rig_Cleaned_and_scaled_down:Character2_RightHandRing3
  m_TagString: Untagged
  m_Icon: {fileID: 0}
  m_NavMeshLayer: 0
  m_StaticEditorFlags: 0
  m_IsActive: 1
--- !u!1 &1186255146878310
GameObject:
  m_ObjectHideFlags: 1
  m_PrefabParentObject: {fileID: 0}
  m_PrefabInternal: {fileID: 100100000}
  serializedVersion: 5
  m_Component:
  - component: {fileID: 4888666526254738}
  m_Layer: 0
  m_Name: Rig_Cleaned_and_scaled_down:Character2_LeftShoulder
  m_TagString: Untagged
  m_Icon: {fileID: 0}
  m_NavMeshLayer: 0
  m_StaticEditorFlags: 0
  m_IsActive: 1
--- !u!1 &1193460659209584
GameObject:
  m_ObjectHideFlags: 1
  m_PrefabParentObject: {fileID: 0}
  m_PrefabInternal: {fileID: 100100000}
  serializedVersion: 5
  m_Component:
  - component: {fileID: 4914987715465136}
  m_Layer: 9
  m_Name: UnitHead
  m_TagString: UnitHead
  m_Icon: {fileID: 0}
  m_NavMeshLayer: 0
  m_StaticEditorFlags: 0
  m_IsActive: 1
--- !u!1 &1193631256210194
GameObject:
  m_ObjectHideFlags: 1
  m_PrefabParentObject: {fileID: 0}
  m_PrefabInternal: {fileID: 100100000}
  serializedVersion: 5
  m_Component:
  - component: {fileID: 4243614174512450}
  m_Layer: 0
  m_Name: joint4
  m_TagString: Untagged
  m_Icon: {fileID: 0}
  m_NavMeshLayer: 0
  m_StaticEditorFlags: 0
  m_IsActive: 1
--- !u!1 &1206206590409852
GameObject:
  m_ObjectHideFlags: 1
  m_PrefabParentObject: {fileID: 0}
  m_PrefabInternal: {fileID: 100100000}
  serializedVersion: 5
  m_Component:
  - component: {fileID: 4952682364687912}
  m_Layer: 0
  m_Name: Rig_Cleaned_and_scaled_down:Character2_RightShoulder
  m_TagString: Untagged
  m_Icon: {fileID: 0}
  m_NavMeshLayer: 0
  m_StaticEditorFlags: 0
  m_IsActive: 1
--- !u!1 &1213565334757704
GameObject:
  m_ObjectHideFlags: 1
  m_PrefabParentObject: {fileID: 0}
  m_PrefabInternal: {fileID: 100100000}
  serializedVersion: 5
  m_Component:
  - component: {fileID: 4841703856527082}
  m_Layer: 0
  m_Name: Rig_Cleaned_and_scaled_down:Character2_RightHandMiddle2
  m_TagString: Untagged
  m_Icon: {fileID: 0}
  m_NavMeshLayer: 0
  m_StaticEditorFlags: 0
  m_IsActive: 1
--- !u!1 &1221575947234484
GameObject:
  m_ObjectHideFlags: 1
  m_PrefabParentObject: {fileID: 0}
  m_PrefabInternal: {fileID: 100100000}
  serializedVersion: 5
  m_Component:
  - component: {fileID: 4596276498500790}
  m_Layer: 0
  m_Name: Rig_Cleaned_and_scaled_down:Character2_RightForeArm
  m_TagString: Untagged
  m_Icon: {fileID: 0}
  m_NavMeshLayer: 0
  m_StaticEditorFlags: 0
  m_IsActive: 1
--- !u!1 &1237829152142290
GameObject:
  m_ObjectHideFlags: 1
  m_PrefabParentObject: {fileID: 0}
  m_PrefabInternal: {fileID: 100100000}
  serializedVersion: 5
  m_Component:
  - component: {fileID: 4093601087222026}
  m_Layer: 0
  m_Name: Rig_Cleaned_and_scaled_down:Character2_LeftHandIndex1
  m_TagString: Untagged
  m_Icon: {fileID: 0}
  m_NavMeshLayer: 0
  m_StaticEditorFlags: 0
  m_IsActive: 1
--- !u!1 &1301689912197662
GameObject:
  m_ObjectHideFlags: 1
  m_PrefabParentObject: {fileID: 0}
  m_PrefabInternal: {fileID: 100100000}
  serializedVersion: 5
  m_Component:
  - component: {fileID: 4698531579088566}
  m_Layer: 0
  m_Name: Rig_Cleaned_and_scaled_down:Character2_RightLeg
  m_TagString: Untagged
  m_Icon: {fileID: 0}
  m_NavMeshLayer: 0
  m_StaticEditorFlags: 0
  m_IsActive: 1
--- !u!1 &1307656622124242
GameObject:
  m_ObjectHideFlags: 1
  m_PrefabParentObject: {fileID: 0}
  m_PrefabInternal: {fileID: 100100000}
  serializedVersion: 5
  m_Component:
  - component: {fileID: 4399039292069940}
  m_Layer: 0
  m_Name: Rig_Cleaned_and_scaled_down:Character2_RightUpLeg
  m_TagString: Untagged
  m_Icon: {fileID: 0}
  m_NavMeshLayer: 0
  m_StaticEditorFlags: 0
  m_IsActive: 1
--- !u!1 &1313227590474802
GameObject:
  m_ObjectHideFlags: 1
  m_PrefabParentObject: {fileID: 0}
  m_PrefabInternal: {fileID: 100100000}
  serializedVersion: 5
  m_Component:
  - component: {fileID: 4426294421589182}
  m_Layer: 0
  m_Name: Rig_Cleaned_and_scaled_down:Character2_RightToeBase
  m_TagString: Untagged
  m_Icon: {fileID: 0}
  m_NavMeshLayer: 0
  m_StaticEditorFlags: 0
  m_IsActive: 1
--- !u!1 &1352910076183008
GameObject:
  m_ObjectHideFlags: 1
  m_PrefabParentObject: {fileID: 0}
  m_PrefabInternal: {fileID: 100100000}
  serializedVersion: 5
  m_Component:
  - component: {fileID: 4745153545350574}
  m_Layer: 0
  m_Name: Rig_Cleaned_and_scaled_down:Character2_LeftHandIndex2
  m_TagString: Untagged
  m_Icon: {fileID: 0}
  m_NavMeshLayer: 0
  m_StaticEditorFlags: 0
  m_IsActive: 1
--- !u!1 &1360016406783702
GameObject:
  m_ObjectHideFlags: 1
  m_PrefabParentObject: {fileID: 0}
  m_PrefabInternal: {fileID: 100100000}
  serializedVersion: 5
  m_Component:
  - component: {fileID: 4834991888254148}
  - component: {fileID: 137535611829622068}
  - component: {fileID: 114242000146367142}
  m_Layer: 0
  m_Name: knight_guy_low_uv_d:hands_and_face5
  m_TagString: Untagged
  m_Icon: {fileID: 0}
  m_NavMeshLayer: 0
  m_StaticEditorFlags: 0
  m_IsActive: 1
--- !u!1 &1364153847156440
GameObject:
  m_ObjectHideFlags: 1
  m_PrefabParentObject: {fileID: 0}
  m_PrefabInternal: {fileID: 100100000}
  serializedVersion: 5
  m_Component:
  - component: {fileID: 4642987099991972}
  m_Layer: 0
  m_Name: Rig_Cleaned_and_scaled_down:Character2_LeftHandRing1
  m_TagString: Untagged
  m_Icon: {fileID: 0}
  m_NavMeshLayer: 0
  m_StaticEditorFlags: 0
  m_IsActive: 1
--- !u!1 &1368125497763248
GameObject:
  m_ObjectHideFlags: 1
  m_PrefabParentObject: {fileID: 0}
  m_PrefabInternal: {fileID: 100100000}
  serializedVersion: 5
  m_Component:
  - component: {fileID: 4697375383889868}
  m_Layer: 0
  m_Name: Rig_Cleaned_and_scaled_down:Character2_Head
  m_TagString: Untagged
  m_Icon: {fileID: 0}
  m_NavMeshLayer: 0
  m_StaticEditorFlags: 0
  m_IsActive: 1
--- !u!1 &1424978937508666
GameObject:
  m_ObjectHideFlags: 1
  m_PrefabParentObject: {fileID: 0}
  m_PrefabInternal: {fileID: 100100000}
  serializedVersion: 5
  m_Component:
  - component: {fileID: 4912244503873834}
  m_Layer: 0
  m_Name: transform1
  m_TagString: Untagged
  m_Icon: {fileID: 0}
  m_NavMeshLayer: 0
  m_StaticEditorFlags: 0
  m_IsActive: 1
--- !u!1 &1426993099830146
GameObject:
  m_ObjectHideFlags: 1
  m_PrefabParentObject: {fileID: 0}
  m_PrefabInternal: {fileID: 100100000}
  serializedVersion: 5
  m_Component:
  - component: {fileID: 4835171384327382}
  m_Layer: 0
  m_Name: Rig_Cleaned_and_scaled_down:Character2_LeftLeg
  m_TagString: Untagged
  m_Icon: {fileID: 0}
  m_NavMeshLayer: 0
  m_StaticEditorFlags: 0
  m_IsActive: 1
--- !u!1 &1445551130629842
GameObject:
  m_ObjectHideFlags: 1
  m_PrefabParentObject: {fileID: 0}
  m_PrefabInternal: {fileID: 100100000}
  serializedVersion: 5
  m_Component:
  - component: {fileID: 4172902501302484}
  m_Layer: 0
  m_Name: Rig_Cleaned_and_scaled_down:Character2_LeftHandPinky3
  m_TagString: Untagged
  m_Icon: {fileID: 0}
  m_NavMeshLayer: 0
  m_StaticEditorFlags: 0
  m_IsActive: 1
--- !u!1 &1449099585330072
GameObject:
  m_ObjectHideFlags: 1
  m_PrefabParentObject: {fileID: 0}
  m_PrefabInternal: {fileID: 100100000}
  serializedVersion: 5
  m_Component:
  - component: {fileID: 4315450027436108}
  m_Layer: 0
  m_Name: Rig_Cleaned_and_scaled_down:Character2_RightArm
  m_TagString: Untagged
  m_Icon: {fileID: 0}
  m_NavMeshLayer: 0
  m_StaticEditorFlags: 0
  m_IsActive: 1
--- !u!1 &1472367051114952
GameObject:
  m_ObjectHideFlags: 1
  m_PrefabParentObject: {fileID: 0}
  m_PrefabInternal: {fileID: 100100000}
  serializedVersion: 5
  m_Component:
  - component: {fileID: 4385762053496594}
  m_Layer: 0
  m_Name: Rig_Cleaned_and_scaled_down:HeadMiddle
  m_TagString: Untagged
  m_Icon: {fileID: 0}
  m_NavMeshLayer: 0
  m_StaticEditorFlags: 0
  m_IsActive: 1
--- !u!1 &1484594407667526
GameObject:
  m_ObjectHideFlags: 1
  m_PrefabParentObject: {fileID: 0}
  m_PrefabInternal: {fileID: 100100000}
  serializedVersion: 5
  m_Component:
  - component: {fileID: 4265283275571310}
  m_Layer: 0
  m_Name: Rig_Cleaned_and_scaled_down:Character2_LeftToeBase
  m_TagString: Untagged
  m_Icon: {fileID: 0}
  m_NavMeshLayer: 0
  m_StaticEditorFlags: 0
  m_IsActive: 1
--- !u!1 &1501640195230016
GameObject:
  m_ObjectHideFlags: 1
  m_PrefabParentObject: {fileID: 0}
  m_PrefabInternal: {fileID: 100100000}
  serializedVersion: 5
  m_Component:
  - component: {fileID: 4879940963209740}
  m_Layer: 0
  m_Name: Rig_Cleaned_and_scaled_down:Character2_LeftHandPinky4
  m_TagString: Untagged
  m_Icon: {fileID: 0}
  m_NavMeshLayer: 0
  m_StaticEditorFlags: 0
  m_IsActive: 1
--- !u!1 &1515009551051096
GameObject:
  m_ObjectHideFlags: 1
  m_PrefabParentObject: {fileID: 0}
  m_PrefabInternal: {fileID: 100100000}
  serializedVersion: 5
  m_Component:
  - component: {fileID: 4353028707679210}
  m_Layer: 0
  m_Name: Rig_Cleaned_and_scaled_down:Character2_RightHandMiddle1
  m_TagString: Untagged
  m_Icon: {fileID: 0}
  m_NavMeshLayer: 0
  m_StaticEditorFlags: 0
  m_IsActive: 1
--- !u!1 &1533328425934178
GameObject:
  m_ObjectHideFlags: 1
  m_PrefabParentObject: {fileID: 0}
  m_PrefabInternal: {fileID: 100100000}
  serializedVersion: 5
  m_Component:
  - component: {fileID: 4372279967484190}
  - component: {fileID: 33427008822812410}
  - component: {fileID: 23468482186435058}
  - component: {fileID: 54851557317744076}
  - component: {fileID: 65730481637126844}
  m_Layer: 0
  m_Name: Weapon_2handedSword2
  m_TagString: Untagged
  m_Icon: {fileID: 0}
  m_NavMeshLayer: 0
  m_StaticEditorFlags: 0
  m_IsActive: 1
--- !u!1 &1558067663680656
GameObject:
  m_ObjectHideFlags: 1
  m_PrefabParentObject: {fileID: 0}
  m_PrefabInternal: {fileID: 100100000}
  serializedVersion: 5
  m_Component:
  - component: {fileID: 4731134291209188}
  m_Layer: 0
  m_Name: Rig_Cleaned_and_scaled_down:Character2_RightHandMiddle4
  m_TagString: Untagged
  m_Icon: {fileID: 0}
  m_NavMeshLayer: 0
  m_StaticEditorFlags: 0
  m_IsActive: 1
--- !u!1 &1613848867051690
GameObject:
  m_ObjectHideFlags: 1
  m_PrefabParentObject: {fileID: 0}
  m_PrefabInternal: {fileID: 100100000}
  serializedVersion: 5
  m_Component:
  - component: {fileID: 4582319153445398}
  m_Layer: 0
  m_Name: Rig_Cleaned_and_scaled_down:Character2_LeftHandIndex4
  m_TagString: Untagged
  m_Icon: {fileID: 0}
  m_NavMeshLayer: 0
  m_StaticEditorFlags: 0
  m_IsActive: 1
--- !u!1 &1621891246023368
GameObject:
  m_ObjectHideFlags: 1
  m_PrefabParentObject: {fileID: 0}
  m_PrefabInternal: {fileID: 100100000}
  serializedVersion: 5
  m_Component:
  - component: {fileID: 4786505573656972}
  m_Layer: 0
  m_Name: Rig_Cleaned_and_scaled_down:Character2_LeftHandMiddle2
  m_TagString: Untagged
  m_Icon: {fileID: 0}
  m_NavMeshLayer: 0
  m_StaticEditorFlags: 0
  m_IsActive: 1
--- !u!1 &1629315835661616
GameObject:
  m_ObjectHideFlags: 1
  m_PrefabParentObject: {fileID: 0}
  m_PrefabInternal: {fileID: 100100000}
  serializedVersion: 5
  m_Component:
  - component: {fileID: 4528590967280090}
  m_Layer: 0
  m_Name: Rig_Cleaned_and_scaled_down:Character2_LeftForeArm
  m_TagString: Untagged
  m_Icon: {fileID: 0}
  m_NavMeshLayer: 0
  m_StaticEditorFlags: 0
  m_IsActive: 1
--- !u!1 &1677553182650780
GameObject:
  m_ObjectHideFlags: 1
  m_PrefabParentObject: {fileID: 0}
  m_PrefabInternal: {fileID: 100100000}
  serializedVersion: 5
  m_Component:
  - component: {fileID: 4013988440105100}
  m_Layer: 0
  m_Name: Rig_Cleaned_and_scaled_down:Character2_LeftFoot
  m_TagString: Untagged
  m_Icon: {fileID: 0}
  m_NavMeshLayer: 0
  m_StaticEditorFlags: 0
  m_IsActive: 1
--- !u!1 &1680205964358166
GameObject:
  m_ObjectHideFlags: 1
  m_PrefabParentObject: {fileID: 0}
  m_PrefabInternal: {fileID: 100100000}
  serializedVersion: 5
  m_Component:
  - component: {fileID: 4155351879187126}
  m_Layer: 0
  m_Name: Rig_Cleaned_and_scaled_down:Character2_LeftHandMiddle4
  m_TagString: Untagged
  m_Icon: {fileID: 0}
  m_NavMeshLayer: 0
  m_StaticEditorFlags: 0
  m_IsActive: 1
--- !u!1 &1691236253973570
GameObject:
  m_ObjectHideFlags: 1
  m_PrefabParentObject: {fileID: 0}
  m_PrefabInternal: {fileID: 100100000}
  serializedVersion: 5
  m_Component:
  - component: {fileID: 4701519704493636}
  m_Layer: 0
  m_Name: Rig_Cleaned_and_scaled_down:Character2_LeftHandIndex3
  m_TagString: Untagged
  m_Icon: {fileID: 0}
  m_NavMeshLayer: 0
  m_StaticEditorFlags: 0
  m_IsActive: 1
--- !u!1 &1706286649477266
GameObject:
  m_ObjectHideFlags: 1
  m_PrefabParentObject: {fileID: 0}
  m_PrefabInternal: {fileID: 100100000}
  serializedVersion: 5
  m_Component:
  - component: {fileID: 4754560289786996}
  m_Layer: 0
  m_Name: Rig_Cleaned_and_scaled_down:Character2_Neck
  m_TagString: Untagged
  m_Icon: {fileID: 0}
  m_NavMeshLayer: 0
  m_StaticEditorFlags: 0
  m_IsActive: 1
--- !u!1 &1725768016710612
GameObject:
  m_ObjectHideFlags: 1
  m_PrefabParentObject: {fileID: 0}
  m_PrefabInternal: {fileID: 100100000}
  serializedVersion: 5
  m_Component:
  - component: {fileID: 4756780277349864}
  m_Layer: 0
  m_Name: Rig_Cleaned_and_scaled_down:Character2_LeftHandPinky1
  m_TagString: Untagged
  m_Icon: {fileID: 0}
  m_NavMeshLayer: 0
  m_StaticEditorFlags: 0
  m_IsActive: 1
--- !u!1 &1784417196893778
GameObject:
  m_ObjectHideFlags: 1
  m_PrefabParentObject: {fileID: 0}
  m_PrefabInternal: {fileID: 100100000}
  serializedVersion: 5
  m_Component:
  - component: {fileID: 4589714800301684}
  m_Layer: 0
  m_Name: Rig_Cleaned_and_scaled_down:Character2_Spine1
  m_TagString: Untagged
  m_Icon: {fileID: 0}
  m_NavMeshLayer: 0
  m_StaticEditorFlags: 0
  m_IsActive: 1
--- !u!1 &1788301168642368
GameObject:
  m_ObjectHideFlags: 1
  m_PrefabParentObject: {fileID: 0}
  m_PrefabInternal: {fileID: 100100000}
  serializedVersion: 5
  m_Component:
  - component: {fileID: 4413757517913912}
  m_Layer: 0
  m_Name: Rig_Cleaned_and_scaled_down:Character2_Spine2
  m_TagString: Untagged
  m_Icon: {fileID: 0}
  m_NavMeshLayer: 0
  m_StaticEditorFlags: 0
  m_IsActive: 1
--- !u!1 &1804644944807266
GameObject:
  m_ObjectHideFlags: 1
  m_PrefabParentObject: {fileID: 0}
  m_PrefabInternal: {fileID: 100100000}
  serializedVersion: 5
  m_Component:
  - component: {fileID: 4615885497359010}
  m_Layer: 0
  m_Name: Rig_Cleaned_and_scaled_down:Character2_LeftHandPinky2
  m_TagString: Untagged
  m_Icon: {fileID: 0}
  m_NavMeshLayer: 0
  m_StaticEditorFlags: 0
  m_IsActive: 1
--- !u!1 &1820914780554648
GameObject:
  m_ObjectHideFlags: 1
  m_PrefabParentObject: {fileID: 0}
  m_PrefabInternal: {fileID: 100100000}
  serializedVersion: 5
  m_Component:
  - component: {fileID: 4193968892171356}
  m_Layer: 0
  m_Name: Rig_Cleaned_and_scaled_down:Character2_LeftHand
  m_TagString: Untagged
  m_Icon: {fileID: 0}
  m_NavMeshLayer: 0
  m_StaticEditorFlags: 0
  m_IsActive: 1
--- !u!1 &1841538511898364
GameObject:
  m_ObjectHideFlags: 1
  m_PrefabParentObject: {fileID: 0}
  m_PrefabInternal: {fileID: 100100000}
  serializedVersion: 5
  m_Component:
  - component: {fileID: 4071461135005756}
  m_Layer: 0
  m_Name: Rig_Cleaned_and_scaled_down:Character2_LeftArm
  m_TagString: Untagged
  m_Icon: {fileID: 0}
  m_NavMeshLayer: 0
  m_StaticEditorFlags: 0
  m_IsActive: 1
--- !u!1 &1842278322242666
GameObject:
  m_ObjectHideFlags: 1
  m_PrefabParentObject: {fileID: 0}
  m_PrefabInternal: {fileID: 100100000}
  serializedVersion: 5
  m_Component:
  - component: {fileID: 4645306126553652}
  m_Layer: 0
  m_Name: Rig_Cleaned_and_scaled_down:Character2_LeftHandThumb3
  m_TagString: Untagged
  m_Icon: {fileID: 0}
  m_NavMeshLayer: 0
  m_StaticEditorFlags: 0
  m_IsActive: 1
--- !u!1 &1854915793053904
GameObject:
  m_ObjectHideFlags: 1
  m_PrefabParentObject: {fileID: 0}
  m_PrefabInternal: {fileID: 100100000}
  serializedVersion: 5
  m_Component:
  - component: {fileID: 4499284909043814}
  m_Layer: 0
  m_Name: Rig_Cleaned_and_scaled_down:Character2_LeftHandThumb2
  m_TagString: Untagged
  m_Icon: {fileID: 0}
  m_NavMeshLayer: 0
  m_StaticEditorFlags: 0
  m_IsActive: 1
--- !u!1 &1881456257519434
GameObject:
  m_ObjectHideFlags: 1
  m_PrefabParentObject: {fileID: 0}
  m_PrefabInternal: {fileID: 100100000}
  serializedVersion: 5
  m_Component:
  - component: {fileID: 4350966429065040}
  - component: {fileID: 95770908150288270}
  m_Layer: 0
  m_Name: Mesh_Knight02_2hander
  m_TagString: Untagged
  m_Icon: {fileID: 0}
  m_NavMeshLayer: 0
  m_StaticEditorFlags: 0
  m_IsActive: 1
--- !u!1 &1882989667001044
GameObject:
  m_ObjectHideFlags: 1
  m_PrefabParentObject: {fileID: 0}
  m_PrefabInternal: {fileID: 100100000}
  serializedVersion: 5
  m_Component:
  - component: {fileID: 4909487094421372}
  m_Layer: 0
  m_Name: Rig_Cleaned_and_scaled_down:Character2_LeftHandMiddle1
  m_TagString: Untagged
  m_Icon: {fileID: 0}
  m_NavMeshLayer: 0
  m_StaticEditorFlags: 0
  m_IsActive: 1
--- !u!1 &1901526342603012
GameObject:
  m_ObjectHideFlags: 1
  m_PrefabParentObject: {fileID: 0}
  m_PrefabInternal: {fileID: 100100000}
  serializedVersion: 5
  m_Component:
  - component: {fileID: 4678313079857766}
  m_Layer: 0
  m_Name: Rig_Cleaned_and_scaled_down:Character2_RightHandThumb4
  m_TagString: Untagged
  m_Icon: {fileID: 0}
  m_NavMeshLayer: 0
  m_StaticEditorFlags: 0
  m_IsActive: 1
--- !u!1 &1910667715029630
GameObject:
  m_ObjectHideFlags: 1
  m_PrefabParentObject: {fileID: 0}
  m_PrefabInternal: {fileID: 100100000}
  serializedVersion: 5
  m_Component:
  - component: {fileID: 4571404897035328}
  - component: {fileID: 33038868194375230}
  - component: {fileID: 23168950730716056}
  - component: {fileID: 95628745492914430}
  - component: {fileID: 114525798042495588}
  m_Layer: 0
  m_Name: Mesh_CharacterBase (7)
  m_TagString: Untagged
  m_Icon: {fileID: 0}
  m_NavMeshLayer: 0
  m_StaticEditorFlags: 0
  m_IsActive: 1
--- !u!1 &1915400344167516
GameObject:
  m_ObjectHideFlags: 1
  m_PrefabParentObject: {fileID: 0}
  m_PrefabInternal: {fileID: 100100000}
  serializedVersion: 5
  m_Component:
  - component: {fileID: 4463145637210388}
  m_Layer: 0
  m_Name: Rig_Cleaned_and_scaled_down:Character2_Hips
  m_TagString: Untagged
  m_Icon: {fileID: 0}
  m_NavMeshLayer: 0
  m_StaticEditorFlags: 0
  m_IsActive: 1
--- !u!1 &1919282585832418
GameObject:
  m_ObjectHideFlags: 1
  m_PrefabParentObject: {fileID: 0}
  m_PrefabInternal: {fileID: 100100000}
  serializedVersion: 5
  m_Component:
  - component: {fileID: 4293673930307612}
  m_Layer: 0
  m_Name: Rig_Cleaned_and_scaled_down:Character2_RightFoot
  m_TagString: Untagged
  m_Icon: {fileID: 0}
  m_NavMeshLayer: 0
  m_StaticEditorFlags: 0
  m_IsActive: 1
--- !u!1 &1920174669536288
GameObject:
  m_ObjectHideFlags: 1
  m_PrefabParentObject: {fileID: 0}
  m_PrefabInternal: {fileID: 100100000}
  serializedVersion: 5
  m_Component:
  - component: {fileID: 4879057461533736}
  m_Layer: 0
  m_Name: Rig_Cleaned_and_scaled_down:Character2_LeftHandThumb4
  m_TagString: Untagged
  m_Icon: {fileID: 0}
  m_NavMeshLayer: 0
  m_StaticEditorFlags: 0
  m_IsActive: 1
--- !u!1 &1922675025951070
GameObject:
  m_ObjectHideFlags: 1
  m_PrefabParentObject: {fileID: 0}
  m_PrefabInternal: {fileID: 100100000}
  serializedVersion: 5
  m_Component:
  - component: {fileID: 4327860861514002}
  m_Layer: 0
  m_Name: Rig_Cleaned_and_scaled_down:Character2_RightHandRing1
  m_TagString: Untagged
  m_Icon: {fileID: 0}
  m_NavMeshLayer: 0
  m_StaticEditorFlags: 0
  m_IsActive: 1
--- !u!1 &1931863691004118
GameObject:
  m_ObjectHideFlags: 1
  m_PrefabParentObject: {fileID: 0}
  m_PrefabInternal: {fileID: 100100000}
  serializedVersion: 5
  m_Component:
  - component: {fileID: 4939735341252834}
  m_Layer: 0
  m_Name: Rig_Cleaned_and_scaled_down:Character2_RightHandIndex1
  m_TagString: Untagged
  m_Icon: {fileID: 0}
  m_NavMeshLayer: 0
  m_StaticEditorFlags: 0
  m_IsActive: 1
--- !u!1 &1933508845079544
GameObject:
  m_ObjectHideFlags: 1
  m_PrefabParentObject: {fileID: 0}
  m_PrefabInternal: {fileID: 100100000}
  serializedVersion: 5
  m_Component:
  - component: {fileID: 4140247241773566}
  m_Layer: 0
  m_Name: Rig_Cleaned_and_scaled_down:Character2_RightHandRing4
  m_TagString: Untagged
  m_Icon: {fileID: 0}
  m_NavMeshLayer: 0
  m_StaticEditorFlags: 0
  m_IsActive: 1
--- !u!1 &1938105458692112
GameObject:
  m_ObjectHideFlags: 1
  m_PrefabParentObject: {fileID: 0}
  m_PrefabInternal: {fileID: 100100000}
  serializedVersion: 5
  m_Component:
  - component: {fileID: 4273292368157492}
  m_Layer: 0
  m_Name: Rig_Cleaned_and_scaled_down:Character2_Reference
  m_TagString: Untagged
  m_Icon: {fileID: 0}
  m_NavMeshLayer: 0
  m_StaticEditorFlags: 0
  m_IsActive: 1
--- !u!1 &1938735635719726
GameObject:
  m_ObjectHideFlags: 1
  m_PrefabParentObject: {fileID: 0}
  m_PrefabInternal: {fileID: 100100000}
  serializedVersion: 5
  m_Component:
  - component: {fileID: 4133388331338844}
  m_Layer: 0
  m_Name: Rig_Cleaned_and_scaled_down:Character2_LeftHandRing3
  m_TagString: Untagged
  m_Icon: {fileID: 0}
  m_NavMeshLayer: 0
  m_StaticEditorFlags: 0
  m_IsActive: 1
--- !u!1 &1939248751055468
GameObject:
  m_ObjectHideFlags: 1
  m_PrefabParentObject: {fileID: 0}
  m_PrefabInternal: {fileID: 100100000}
  serializedVersion: 5
  m_Component:
  - component: {fileID: 4354097607971264}
  m_Layer: 0
  m_Name: Rig_Cleaned_and_scaled_down:Character2_LeftHandMiddle3
  m_TagString: Untagged
  m_Icon: {fileID: 0}
  m_NavMeshLayer: 0
  m_StaticEditorFlags: 0
  m_IsActive: 1
--- !u!1 &1988144048418550
GameObject:
  m_ObjectHideFlags: 1
  m_PrefabParentObject: {fileID: 0}
  m_PrefabInternal: {fileID: 100100000}
  serializedVersion: 5
  m_Component:
  - component: {fileID: 4138477375553568}
  m_Layer: 0
  m_Name: Rig_Cleaned_and_scaled_down:Character2_RightHandThumb2
  m_TagString: Untagged
  m_Icon: {fileID: 0}
  m_NavMeshLayer: 0
  m_StaticEditorFlags: 0
  m_IsActive: 1
--- !u!1 &1998956025688326
GameObject:
  m_ObjectHideFlags: 1
  m_PrefabParentObject: {fileID: 0}
  m_PrefabInternal: {fileID: 100100000}
  serializedVersion: 5
  m_Component:
  - component: {fileID: 4597276704337780}
  m_Layer: 0
  m_Name: Rig_Cleaned_and_scaled_down:Character2_RightHandThumb3
  m_TagString: Untagged
  m_Icon: {fileID: 0}
  m_NavMeshLayer: 0
  m_StaticEditorFlags: 0
  m_IsActive: 1
--- !u!4 &4003795330671380
Transform:
  m_ObjectHideFlags: 1
  m_PrefabParentObject: {fileID: 0}
  m_PrefabInternal: {fileID: 100100000}
  m_GameObject: {fileID: 1122629420561012}
  m_LocalRotation: {x: -0.00892015, y: -0.040100023, z: -0.16469632, w: 0.9854885}
  m_LocalPosition: {x: -16.787323, y: -0.0022034573, z: -2.0340528}
  m_LocalScale: {x: 1, y: 1, z: 1}
  m_Children:
  - {fileID: 4243614174512450}
  m_Father: {fileID: 4342698982010176}
  m_RootOrder: 0
  m_LocalEulerAnglesHint: {x: 0, y: 0, z: 0}
--- !u!4 &4013988440105100
Transform:
  m_ObjectHideFlags: 1
  m_PrefabParentObject: {fileID: 0}
  m_PrefabInternal: {fileID: 100100000}
  m_GameObject: {fileID: 1677553182650780}
  m_LocalRotation: {x: 0.00009951558, y: 0.6644198, z: -0.016036404, w: 0.7471876}
  m_LocalPosition: {x: -51.848446, y: -1.917598e-14, z: -2.0428104e-14}
  m_LocalScale: {x: 1, y: 1, z: 1}
  m_Children:
  - {fileID: 4265283275571310}
  m_Father: {fileID: 4835171384327382}
  m_RootOrder: 0
  m_LocalEulerAnglesHint: {x: 0, y: 0, z: 0}
--- !u!4 &4071461135005756
Transform:
  m_ObjectHideFlags: 1
  m_PrefabParentObject: {fileID: 0}
  m_PrefabInternal: {fileID: 100100000}
  m_GameObject: {fileID: 1841538511898364}
  m_LocalRotation: {x: 0.06123326, y: 0.019252358, z: 0.39384907, w: 0.91693115}
  m_LocalPosition: {x: -10.458091, y: 5.339308, z: -4.4644766}
  m_LocalScale: {x: 1, y: 1, z: 1}
  m_Children:
  - {fileID: 4528590967280090}
  m_Father: {fileID: 4888666526254738}
  m_RootOrder: 0
  m_LocalEulerAnglesHint: {x: 0, y: 0, z: 0}
--- !u!4 &4093601087222026
Transform:
  m_ObjectHideFlags: 1
  m_PrefabParentObject: {fileID: 0}
  m_PrefabInternal: {fileID: 100100000}
  m_GameObject: {fileID: 1237829152142290}
  m_LocalRotation: {x: 0, y: 0, z: 0.39822054, w: 0.91728973}
  m_LocalPosition: {x: -12.871645, y: 1.731806, z: 9.393981}
  m_LocalScale: {x: 1, y: 1, z: 1}
  m_Children:
  - {fileID: 4745153545350574}
  m_Father: {fileID: 4193968892171356}
  m_RootOrder: 0
  m_LocalEulerAnglesHint: {x: 0, y: 0, z: 0}
--- !u!4 &4133388331338844
Transform:
  m_ObjectHideFlags: 1
  m_PrefabParentObject: {fileID: 0}
  m_PrefabInternal: {fileID: 100100000}
  m_GameObject: {fileID: 1938735635719726}
  m_LocalRotation: {x: -0.10442698, y: 0.10119717, z: 0.71034294, w: 0.68867046}
  m_LocalPosition: {x: -5.9745727, y: -0.14858292, z: -0.48950884}
  m_LocalScale: {x: 1, y: 1, z: 1}
  m_Children:
  - {fileID: 4671540152654422}
  m_Father: {fileID: 4946301647410374}
  m_RootOrder: 0
  m_LocalEulerAnglesHint: {x: 0, y: 0, z: 0}
--- !u!4 &4138477375553568
Transform:
  m_ObjectHideFlags: 1
  m_PrefabParentObject: {fileID: 0}
  m_PrefabInternal: {fileID: 100100000}
  m_GameObject: {fileID: 1988144048418550}
  m_LocalRotation: {x: 0, y: 0, z: 0.0000052541914, w: 1}
  m_LocalPosition: {x: 6.054052, y: -1.5815575, z: 1.3377792}
  m_LocalScale: {x: 1, y: 1, z: 1}
  m_Children:
  - {fileID: 4597276704337780}
  m_Father: {fileID: 4826260795105340}
  m_RootOrder: 0
  m_LocalEulerAnglesHint: {x: 0, y: 0, z: 0}
--- !u!4 &4140247241773566
Transform:
  m_ObjectHideFlags: 1
  m_PrefabParentObject: {fileID: 0}
  m_PrefabInternal: {fileID: 100100000}
  m_GameObject: {fileID: 1933508845079544}
  m_LocalRotation: {x: 0, y: -0.01745297, z: -0, w: 0.9998477}
  m_LocalPosition: {x: 3.2679574, y: -3.8054097, z: 0.00005215535}
  m_LocalScale: {x: 1, y: 1, z: 1}
  m_Children: []
  m_Father: {fileID: 4426728635201788}
  m_RootOrder: 0
  m_LocalEulerAnglesHint: {x: 0, y: 0, z: 0}
--- !u!4 &4155351879187126
Transform:
  m_ObjectHideFlags: 1
  m_PrefabParentObject: {fileID: 0}
  m_PrefabInternal: {fileID: 100100000}
  m_GameObject: {fileID: 1680205964358166}
  m_LocalRotation: {x: 0, y: -0.000031095955, z: -0, w: 1}
  m_LocalPosition: {x: -4.660952, y: -4.057821, z: 0.9480904}
  m_LocalScale: {x: 1, y: 1, z: 1}
  m_Children: []
  m_Father: {fileID: 4354097607971264}
  m_RootOrder: 0
  m_LocalEulerAnglesHint: {x: 0, y: 0, z: 0}
--- !u!4 &4158628333957362
Transform:
  m_ObjectHideFlags: 1
  m_PrefabParentObject: {fileID: 0}
  m_PrefabInternal: {fileID: 100100000}
  m_GameObject: {fileID: 1085502516635778}
  m_LocalRotation: {x: -0.22089645, y: 0.035834905, z: -0.014566526, w: 0.97452986}
  m_LocalPosition: {x: 30.399944, y: 7.4676385, z: -3.4015827}
  m_LocalScale: {x: 1, y: 1, z: 1}
  m_Children:
  - {fileID: 4939735341252834}
  - {fileID: 4353028707679210}
  - {fileID: 4327860861514002}
  - {fileID: 4826260795105340}
  m_Father: {fileID: 4596276498500790}
  m_RootOrder: 0
  m_LocalEulerAnglesHint: {x: 0, y: 0, z: 0}
--- !u!4 &4172902501302484
Transform:
  m_ObjectHideFlags: 1
  m_PrefabParentObject: {fileID: 0}
  m_PrefabInternal: {fileID: 100100000}
  m_GameObject: {fileID: 1445551130629842}
  m_LocalRotation: {x: 0.011363036, y: 0.032044653, z: 0.51607984, w: 0.8558654}
  m_LocalPosition: {x: -3.1312718, y: 0.6704183, z: -0.000000143}
  m_LocalScale: {x: 1, y: 1, z: 1}
  m_Children:
  - {fileID: 4879940963209740}
  m_Father: {fileID: 4615885497359010}
  m_RootOrder: 0
  m_LocalEulerAnglesHint: {x: 0, y: 0, z: 0}
--- !u!4 &4185263942544560
Transform:
  m_ObjectHideFlags: 1
  m_PrefabParentObject: {fileID: 0}
  m_PrefabInternal: {fileID: 100100000}
  m_GameObject: {fileID: 1064198578103118}
  m_LocalRotation: {x: -0.018119454, y: 0.08703638, z: -0.20300573, w: 0.97513336}
  m_LocalPosition: {x: 4.177982, y: -3.3906648, z: -0.18583629}
  m_LocalScale: {x: 1, y: 1, z: 1}
  m_Children:
  - {fileID: 4731134291209188}
  m_Father: {fileID: 4841703856527082}
  m_RootOrder: 0
  m_LocalEulerAnglesHint: {x: 0, y: 0, z: 0}
--- !u!4 &4193968892171356
Transform:
  m_ObjectHideFlags: 1
  m_PrefabParentObject: {fileID: 0}
  m_PrefabInternal: {fileID: 100100000}
  m_GameObject: {fileID: 1820914780554648}
  m_LocalRotation: {x: -0.015818723, y: -0.07944249, z: 0.0019930103, w: 0.99671197}
  m_LocalPosition: {x: -27.849867, y: 2.8834312, z: 1.193598}
  m_LocalScale: {x: 1, y: 1, z: 1}
  m_Children:
  - {fileID: 4093601087222026}
  - {fileID: 4909487094421372}
  - {fileID: 4756780277349864}
  - {fileID: 4642987099991972}
  - {fileID: 4345582480776412}
  - {fileID: 4372279967484190}
  m_Father: {fileID: 4528590967280090}
  m_RootOrder: 0
  m_LocalEulerAnglesHint: {x: 0, y: 0, z: 0}
--- !u!4 &4243614174512450
Transform:
  m_ObjectHideFlags: 1
  m_PrefabParentObject: {fileID: 0}
  m_PrefabInternal: {fileID: 100100000}
  m_GameObject: {fileID: 1193631256210194}
  m_LocalRotation: {x: -0.36774263, y: -0.60247535, z: -0.3692362, w: 0.6045276}
  m_LocalPosition: {x: -16.051744, y: -0.093540736, z: -0.86627954}
  m_LocalScale: {x: 1, y: 1, z: 1}
  m_Children: []
  m_Father: {fileID: 4003795330671380}
  m_RootOrder: 0
  m_LocalEulerAnglesHint: {x: 0, y: 0, z: 0}
--- !u!4 &4265283275571310
Transform:
  m_ObjectHideFlags: 1
  m_PrefabParentObject: {fileID: 0}
  m_PrefabInternal: {fileID: 100100000}
  m_GameObject: {fileID: 1484594407667526}
  m_LocalRotation: {x: 0.4387322, y: -0.43873224, z: -0.5545394, w: 0.5545397}
  m_LocalPosition: {x: -27.220816, y: 3.7728533e-15, z: 3.5527137e-15}
  m_LocalScale: {x: 1, y: 1, z: 1}
  m_Children: []
  m_Father: {fileID: 4013988440105100}
  m_RootOrder: 0
  m_LocalEulerAnglesHint: {x: 0, y: 0, z: 0}
--- !u!4 &4273292368157492
Transform:
  m_ObjectHideFlags: 1
  m_PrefabParentObject: {fileID: 0}
  m_PrefabInternal: {fileID: 100100000}
  m_GameObject: {fileID: 1938105458692112}
  m_LocalRotation: {x: 0, y: -0, z: -0, w: 1}
  m_LocalPosition: {x: 0.034952927, y: 0, z: 0}
  m_LocalScale: {x: 0.0077091143, y: 0.0077091143, z: 0.0077091143}
  m_Children:
  - {fileID: 4463145637210388}
  m_Father: {fileID: 4350966429065040}
  m_RootOrder: 1
  m_LocalEulerAnglesHint: {x: 0, y: 0, z: 0}
--- !u!4 &4293673930307612
Transform:
  m_ObjectHideFlags: 1
  m_PrefabParentObject: {fileID: 0}
  m_PrefabInternal: {fileID: 100100000}
  m_GameObject: {fileID: 1919282585832418}
  m_LocalRotation: {x: -0.0072621214, y: -0.004054548, z: 0.030604478, w: 0.999497}
  m_LocalPosition: {x: -0.000000919, y: -51.586853, z: -5.2017016}
  m_LocalScale: {x: 1, y: 1, z: 1}
  m_Children:
  - {fileID: 4426294421589182}
  m_Father: {fileID: 4698531579088566}
  m_RootOrder: 0
  m_LocalEulerAnglesHint: {x: 0, y: 0, z: 0}
--- !u!4 &4310547992790934
Transform:
  m_ObjectHideFlags: 1
  m_PrefabParentObject: {fileID: 0}
  m_PrefabInternal: {fileID: 100100000}
  m_GameObject: {fileID: 1143635401065680}
  m_LocalRotation: {x: -0.028409662, y: 0.009115444, z: 0.5388927, w: 0.8418459}
  m_LocalPosition: {x: -15.121752, y: -1.7763568e-15, z: 0}
  m_LocalScale: {x: 1, y: 1, z: 1}
  m_Children:
  - {fileID: 4835171384327382}
  m_Father: {fileID: 4463145637210388}
  m_RootOrder: 0
  m_LocalEulerAnglesHint: {x: 0, y: 0, z: 0}
--- !u!4 &4315450027436108
Transform:
  m_ObjectHideFlags: 1
  m_PrefabParentObject: {fileID: 0}
  m_PrefabInternal: {fileID: 100100000}
  m_GameObject: {fileID: 1449099585330072}
  m_LocalRotation: {x: 0.011885423, y: 0.022438657, z: -0.47742537, w: 0.8783054}
  m_LocalPosition: {x: 12.300306, y: 6.0601363, z: 0.3594847}
  m_LocalScale: {x: 1, y: 1, z: 1}
  m_Children:
  - {fileID: 4596276498500790}
  m_Father: {fileID: 4952682364687912}
  m_RootOrder: 0
  m_LocalEulerAnglesHint: {x: 0, y: 0, z: 0}
--- !u!4 &4327860861514002
Transform:
  m_ObjectHideFlags: 1
  m_PrefabParentObject: {fileID: 0}
  m_PrefabInternal: {fileID: 100100000}
  m_GameObject: {fileID: 1922675025951070}
  m_LocalRotation: {x: 0, y: 0.032195333, z: -0, w: 0.9994816}
  m_LocalPosition: {x: 10.927811, y: 2.8308914, z: -2.466443}
  m_LocalScale: {x: 1, y: 1, z: 1}
  m_Children:
  - {fileID: 4841664431937366}
  m_Father: {fileID: 4158628333957362}
  m_RootOrder: 2
  m_LocalEulerAnglesHint: {x: 0, y: 0, z: 0}
--- !u!4 &4342698982010176
Transform:
  m_ObjectHideFlags: 1
  m_PrefabParentObject: {fileID: 0}
  m_PrefabInternal: {fileID: 100100000}
  m_GameObject: {fileID: 1094200119575868}
  m_LocalRotation: {x: 0.989369, y: 0.14542732, z: -0.0000026077923, w: 0.00000024873043}
  m_LocalPosition: {x: -13.957479, y: 1.553399, z: 0.9101875}
  m_LocalScale: {x: 1, y: 1, z: 1}
  m_Children:
  - {fileID: 4003795330671380}
  m_Father: {fileID: 4674408372324540}
  m_RootOrder: 0
  m_LocalEulerAnglesHint: {x: 0, y: 0, z: 0}
--- !u!4 &4345582480776412
Transform:
  m_ObjectHideFlags: 1
  m_PrefabParentObject: {fileID: 0}
  m_PrefabInternal: {fileID: 100100000}
  m_GameObject: {fileID: 1034669141398166}
  m_LocalRotation: {x: 0.0030493438, y: 0.036150225, z: 0.08399818, w: 0.9958053}
  m_LocalPosition: {x: -2.4473193, y: -4.0427547, z: 8.604804}
  m_LocalScale: {x: 1, y: 1, z: 1}
  m_Children:
  - {fileID: 4499284909043814}
  m_Father: {fileID: 4193968892171356}
  m_RootOrder: 4
  m_LocalEulerAnglesHint: {x: 0, y: 0, z: 0}
--- !u!4 &4350966429065040
Transform:
  m_ObjectHideFlags: 1
  m_PrefabParentObject: {fileID: 0}
  m_PrefabInternal: {fileID: 100100000}
  m_GameObject: {fileID: 1881456257519434}
  m_LocalRotation: {x: -0, y: -0, z: -0, w: 1}
  m_LocalPosition: {x: 0, y: 0.24, z: 0}
  m_LocalScale: {x: 1.3, y: 1.3, z: 1.3}
  m_Children:
  - {fileID: 4834991888254148}
  - {fileID: 4273292368157492}
  m_Father: {fileID: 4413214463068002}
  m_RootOrder: 1
  m_LocalEulerAnglesHint: {x: 0, y: 0, z: 0}
--- !u!4 &4353028707679210
Transform:
  m_ObjectHideFlags: 1
  m_PrefabParentObject: {fileID: 0}
  m_PrefabInternal: {fileID: 100100000}
  m_GameObject: {fileID: 1515009551051096}
  m_LocalRotation: {x: 0, y: -0.044796374, z: -0, w: 0.99899614}
  m_LocalPosition: {x: 11.036767, y: 3.4941347, z: 2.001282}
  m_LocalScale: {x: 1, y: 1, z: 1}
  m_Children:
  - {fileID: 4841703856527082}
  m_Father: {fileID: 4158628333957362}
  m_RootOrder: 1
  m_LocalEulerAnglesHint: {x: 0, y: 0, z: 0}
--- !u!4 &4354097607971264
Transform:
  m_ObjectHideFlags: 1
  m_PrefabParentObject: {fileID: 0}
  m_PrefabInternal: {fileID: 100100000}
  m_GameObject: {fileID: 1939248751055468}
  m_LocalRotation: {x: 0.05292048, y: -0.09997214, z: 0.46504498, w: 0.8780309}
  m_LocalPosition: {x: -7.5850296, y: -1.8258861, z: 0.55307555}
  m_LocalScale: {x: 1, y: 1, z: 1}
  m_Children:
  - {fileID: 4155351879187126}
  m_Father: {fileID: 4786505573656972}
  m_RootOrder: 0
  m_LocalEulerAnglesHint: {x: 0, y: 0, z: 0}
--- !u!4 &4372279967484190
Transform:
  m_ObjectHideFlags: 1
  m_PrefabParentObject: {fileID: 0}
  m_PrefabInternal: {fileID: 100100000}
  m_GameObject: {fileID: 1533328425934178}
  m_LocalRotation: {x: -0.76340055, y: -0.0059043034, z: 0.030437503, w: 0.6451808}
  m_LocalPosition: {x: -12.173029, y: -4.104862, z: 0.023513794}
  m_LocalScale: {x: 1.2971659, y: 1.2971659, z: 1.2971659}
  m_Children: []
  m_Father: {fileID: 4193968892171356}
  m_RootOrder: 5
  m_LocalEulerAnglesHint: {x: 0, y: 0, z: 0}
--- !u!4 &4385762053496594
Transform:
  m_ObjectHideFlags: 1
  m_PrefabParentObject: {fileID: 0}
  m_PrefabInternal: {fileID: 100100000}
  m_GameObject: {fileID: 1472367051114952}
  m_LocalRotation: {x: 0.70535433, y: -0.70535415, z: -0.049753297, w: -0.04975331}
  m_LocalPosition: {x: -0.0000019414003, y: 41.66765, z: -3.1918848}
  m_LocalScale: {x: 1, y: 1, z: 1}
  m_Children:
  - {fileID: 4780375327413086}
  - {fileID: 4912244503873834}
  m_Father: {fileID: 4697375383889868}
  m_RootOrder: 0
  m_LocalEulerAnglesHint: {x: 0, y: 0, z: 0}
--- !u!4 &4399039292069940
Transform:
  m_ObjectHideFlags: 1
  m_PrefabParentObject: {fileID: 0}
  m_PrefabInternal: {fileID: 100100000}
  m_GameObject: {fileID: 1307656622124242}
  m_LocalRotation: {x: -0.026609391, y: 0.07055314, z: 0.5435342, w: 0.8359933}
  m_LocalPosition: {x: 8.949658, y: -10.968098, z: 0}
  m_LocalScale: {x: 1, y: 1, z: 1}
  m_Children:
  - {fileID: 4698531579088566}
  m_Father: {fileID: 4463145637210388}
  m_RootOrder: 1
  m_LocalEulerAnglesHint: {x: 0, y: 0, z: 0}
--- !u!4 &4413214463068002
Transform:
  m_ObjectHideFlags: 1
  m_PrefabParentObject: {fileID: 0}
  m_PrefabInternal: {fileID: 100100000}
  m_GameObject: {fileID: 1008600789774958}
  m_LocalRotation: {x: 0, y: 0, z: 0, w: 1}
  m_LocalPosition: {x: 0, y: 0, z: 0}
  m_LocalScale: {x: 1, y: 1, z: 1}
  m_Children:
  - {fileID: 4571404897035328}
  - {fileID: 4350966429065040}
  - {fileID: 4914987715465136}
  m_Father: {fileID: 4560902631079366}
  m_RootOrder: 0
  m_LocalEulerAnglesHint: {x: 0, y: 0, z: 0}
--- !u!4 &4413757517913912
Transform:
  m_ObjectHideFlags: 1
  m_PrefabParentObject: {fileID: 0}
  m_PrefabInternal: {fileID: 100100000}
  m_GameObject: {fileID: 1788301168642368}
  m_LocalRotation: {x: -0.7071068, y: 0.7071068, z: -8.659561e-17, w: -8.7157646e-33}
  m_LocalPosition: {x: -20.01018, y: 0.3337374, z: -0.002727973}
  m_LocalScale: {x: 1, y: 1, z: 1}
  m_Children:
  - {fileID: 4888666526254738}
  - {fileID: 4754560289786996}
  - {fileID: 4952682364687912}
  m_Father: {fileID: 4589714800301684}
  m_RootOrder: 0
  m_LocalEulerAnglesHint: {x: 0, y: 0, z: 0}
--- !u!4 &4426294421589182
Transform:
  m_ObjectHideFlags: 1
  m_PrefabParentObject: {fileID: 0}
  m_PrefabInternal: {fileID: 100100000}
  m_GameObject: {fileID: 1313227590474802}
  m_LocalRotation: {x: 0.00002541717, y: 2.279356e-12, z: -5.793478e-17, w: 1}
  m_LocalPosition: {x: -7.9816864e-10, y: -6.262317, z: 26.49071}
  m_LocalScale: {x: 1, y: 1, z: 1}
  m_Children: []
  m_Father: {fileID: 4293673930307612}
  m_RootOrder: 0
  m_LocalEulerAnglesHint: {x: 0, y: 0, z: 0}
--- !u!4 &4426728635201788
Transform:
  m_ObjectHideFlags: 1
  m_PrefabParentObject: {fileID: 0}
  m_PrefabInternal: {fileID: 100100000}
  m_GameObject: {fileID: 1166948566745370}
  m_LocalRotation: {x: 0.0007472748, y: -0.017436966, z: -0.04280996, w: 0.9989308}
  m_LocalPosition: {x: 6.5964174, y: -1.3365458, z: 0.00006249348}
  m_LocalScale: {x: 1, y: 1, z: 1}
  m_Children:
  - {fileID: 4140247241773566}
  m_Father: {fileID: 4841664431937366}
  m_RootOrder: 0
  m_LocalEulerAnglesHint: {x: 0, y: 0, z: 0}
--- !u!4 &4463145637210388
Transform:
  m_ObjectHideFlags: 1
  m_PrefabParentObject: {fileID: 0}
  m_PrefabInternal: {fileID: 100100000}
  m_GameObject: {fileID: 1915400344167516}
  m_LocalRotation: {x: 0, y: 0, z: 0.21214615, w: 0.977238}
  m_LocalPosition: {x: -2.5687346, y: 112.927124, z: 0}
  m_LocalScale: {x: 1, y: 1, z: 1}
  m_Children:
  - {fileID: 4310547992790934}
  - {fileID: 4399039292069940}
  - {fileID: 4990565422645538}
  m_Father: {fileID: 4273292368157492}
  m_RootOrder: 0
  m_LocalEulerAnglesHint: {x: 0, y: 0, z: 0}
--- !u!4 &4499284909043814
Transform:
  m_ObjectHideFlags: 1
  m_PrefabParentObject: {fileID: 0}
  m_PrefabInternal: {fileID: 100100000}
  m_GameObject: {fileID: 1854915793053904}
  m_LocalRotation: {x: 0, y: -0.25844172, z: -0, w: 0.96602684}
  m_LocalPosition: {x: -5.8174367, y: -2.3039708, z: 0.87268645}
  m_LocalScale: {x: 1, y: 1, z: 1}
  m_Children:
  - {fileID: 4645306126553652}
  m_Father: {fileID: 4345582480776412}
  m_RootOrder: 0
  m_LocalEulerAnglesHint: {x: 0, y: 0, z: 0}
--- !u!4 &4528590967280090
Transform:
  m_ObjectHideFlags: 1
  m_PrefabParentObject: {fileID: 0}
  m_PrefabInternal: {fileID: 100100000}
  m_GameObject: {fileID: 1629315835661616}
  m_LocalRotation: {x: -0.004012213, y: 0.09014662, z: 0.044282228, w: 0.9949355}
  m_LocalPosition: {x: -27.305466, y: -3.1455085, z: 0}
  m_LocalScale: {x: 1, y: 1, z: 1}
  m_Children:
  - {fileID: 4193968892171356}
  m_Father: {fileID: 4071461135005756}
  m_RootOrder: 0
  m_LocalEulerAnglesHint: {x: 0, y: 0, z: 0}
--- !u!4 &4560902631079366
Transform:
  m_ObjectHideFlags: 1
  m_PrefabParentObject: {fileID: 0}
  m_PrefabInternal: {fileID: 100100000}
  m_GameObject: {fileID: 1118169594915782}
  m_LocalRotation: {x: -0, y: -0, z: -0, w: 1}
  m_LocalPosition: {x: 31.196423, y: 0.0250988, z: 16.783678}
  m_LocalScale: {x: 1, y: 1, z: 1}
  m_Children:
  - {fileID: 4413214463068002}
  m_Father: {fileID: 0}
  m_RootOrder: 0
  m_LocalEulerAnglesHint: {x: 0, y: 0, z: 0}
--- !u!4 &4571404897035328
Transform:
  m_ObjectHideFlags: 1
  m_PrefabParentObject: {fileID: 0}
  m_PrefabInternal: {fileID: 100100000}
  m_GameObject: {fileID: 1910667715029630}
  m_LocalRotation: {x: -0, y: -0, z: -0, w: 1}
  m_LocalPosition: {x: 0, y: 0.24, z: 0}
  m_LocalScale: {x: 1, y: 1, z: 1}
  m_Children: []
  m_Father: {fileID: 4413214463068002}
  m_RootOrder: 0
  m_LocalEulerAnglesHint: {x: 0, y: 0, z: 0}
--- !u!4 &4582319153445398
Transform:
  m_ObjectHideFlags: 1
  m_PrefabParentObject: {fileID: 0}
  m_PrefabInternal: {fileID: 100100000}
  m_GameObject: {fileID: 1613848867051690}
  m_LocalRotation: {x: 0.00000004558993, y: -0.017452406, z: -0.000002611845, w: 0.9998477}
  m_LocalPosition: {x: -5.0353904, y: -0.64549345, z: -0.29985598}
  m_LocalScale: {x: 1, y: 1, z: 1}
  m_Children: []
  m_Father: {fileID: 4701519704493636}
  m_RootOrder: 0
  m_LocalEulerAnglesHint: {x: 0, y: 0, z: 0}
--- !u!4 &4589714800301684
Transform:
  m_ObjectHideFlags: 1
  m_PrefabParentObject: {fileID: 0}
  m_PrefabInternal: {fileID: 100100000}
  m_GameObject: {fileID: 1784417196893778}
  m_LocalRotation: {x: -0.020623565, y: -0.033160236, z: 0.00068440445, w: 0.999237}
  m_LocalPosition: {x: -12.756412, y: 0.7056343, z: 1.3226866}
  m_LocalScale: {x: 1, y: 1, z: 1}
  m_Children:
  - {fileID: 4413757517913912}
  m_Father: {fileID: 4990565422645538}
  m_RootOrder: 0
  m_LocalEulerAnglesHint: {x: 0, y: 0, z: 0}
--- !u!4 &4596276498500790
Transform:
  m_ObjectHideFlags: 1
  m_PrefabParentObject: {fileID: 0}
  m_PrefabInternal: {fileID: 100100000}
  m_GameObject: {fileID: 1221575947234484}
  m_LocalRotation: {x: 0.26788637, y: -0.13698047, z: 0.017072093, w: 0.9535102}
  m_LocalPosition: {x: 27.055101, y: -0.8383205, z: 1.3973331}
  m_LocalScale: {x: 1, y: 1, z: 1}
  m_Children:
  - {fileID: 4158628333957362}
  m_Father: {fileID: 4315450027436108}
  m_RootOrder: 0
  m_LocalEulerAnglesHint: {x: 0, y: 0, z: 0}
--- !u!4 &4597276704337780
Transform:
  m_ObjectHideFlags: 1
  m_PrefabParentObject: {fileID: 0}
  m_PrefabInternal: {fileID: 100100000}
  m_GameObject: {fileID: 1998956025688326}
  m_LocalRotation: {x: 0, y: -0, z: -0.0000052541914, w: 1}
  m_LocalPosition: {x: 4.5480266, y: -1.444251, z: 0.4048972}
  m_LocalScale: {x: 1, y: 1, z: 1}
  m_Children:
  - {fileID: 4678313079857766}
  m_Father: {fileID: 4138477375553568}
  m_RootOrder: 0
  m_LocalEulerAnglesHint: {x: 0, y: 0, z: 0}
--- !u!4 &4615885497359010
Transform:
  m_ObjectHideFlags: 1
  m_PrefabParentObject: {fileID: 0}
  m_PrefabInternal: {fileID: 100100000}
  m_GameObject: {fileID: 1804644944807266}
  m_LocalRotation: {x: 0.0169795, y: 0.07266226, z: 0.75816137, w: 0.64778334}
  m_LocalPosition: {x: -7.142408, y: -4.4064946, z: 0.77169347}
  m_LocalScale: {x: 1, y: 1, z: 1}
  m_Children:
  - {fileID: 4172902501302484}
  m_Father: {fileID: 4756780277349864}
  m_RootOrder: 0
  m_LocalEulerAnglesHint: {x: 0, y: 0, z: 0}
--- !u!4 &4642987099991972
Transform:
  m_ObjectHideFlags: 1
  m_PrefabParentObject: {fileID: 0}
  m_PrefabInternal: {fileID: 100100000}
  m_GameObject: {fileID: 1364153847156440}
  m_LocalRotation: {x: 0, y: -0, z: -0, w: 1}
  m_LocalPosition: {x: -12.572655, y: 2.081791, z: 0.32317543}
  m_LocalScale: {x: 1, y: 1, z: 1}
  m_Children:
  - {fileID: 4946301647410374}
  m_Father: {fileID: 4193968892171356}
  m_RootOrder: 3
  m_LocalEulerAnglesHint: {x: 0, y: 0, z: 0}
--- !u!4 &4645306126553652
Transform:
  m_ObjectHideFlags: 1
  m_PrefabParentObject: {fileID: 0}
  m_PrefabInternal: {fileID: 100100000}
  m_GameObject: {fileID: 1842278322242666}
  m_LocalRotation: {x: 0.15135169, y: -0.50938916, z: -0.029798897, w: 0.84659755}
  m_LocalPosition: {x: -6.875319, y: -1.3143321, z: 0.412148}
  m_LocalScale: {x: 1, y: 1, z: 1}
  m_Children:
  - {fileID: 4879057461533736}
  m_Father: {fileID: 4499284909043814}
  m_RootOrder: 0
  m_LocalEulerAnglesHint: {x: 0, y: 0, z: 0}
--- !u!4 &4671540152654422
Transform:
  m_ObjectHideFlags: 1
  m_PrefabParentObject: {fileID: 0}
  m_PrefabInternal: {fileID: 100100000}
  m_GameObject: {fileID: 1019830906754838}
  m_LocalRotation: {x: 0, y: -0.000031097657, z: -0, w: 1}
  m_LocalPosition: {x: -5.2230954, y: 8.160139e-15, z: -0.00012044019}
  m_LocalScale: {x: 1, y: 1, z: 1}
  m_Children: []
  m_Father: {fileID: 4133388331338844}
  m_RootOrder: 0
  m_LocalEulerAnglesHint: {x: 0, y: 0, z: 0}
--- !u!4 &4674408372324540
Transform:
  m_ObjectHideFlags: 1
  m_PrefabParentObject: {fileID: 0}
  m_PrefabInternal: {fileID: 100100000}
  m_GameObject: {fileID: 1095320243639164}
  m_LocalRotation: {x: 0, y: -0, z: -0, w: 1}
  m_LocalPosition: {x: 2.842171e-14, y: 1.4210855e-14, z: 0}
  m_LocalScale: {x: 1, y: 1, z: 1}
  m_Children:
  - {fileID: 4342698982010176}
  m_Father: {fileID: 4912244503873834}
  m_RootOrder: 0
  m_LocalEulerAnglesHint: {x: 0, y: 0, z: 0}
--- !u!4 &4678313079857766
Transform:
  m_ObjectHideFlags: 1
  m_PrefabParentObject: {fileID: 0}
  m_PrefabInternal: {fileID: 100100000}
  m_GameObject: {fileID: 1901526342603012}
  m_LocalRotation: {x: 0, y: -0, z: -0.0000034164298, w: 1}
  m_LocalPosition: {x: 6.6961617, y: -1.4379203, z: -1.0206192}
  m_LocalScale: {x: 1, y: 1, z: 1}
  m_Children: []
  m_Father: {fileID: 4597276704337780}
  m_RootOrder: 0
  m_LocalEulerAnglesHint: {x: 0, y: 0, z: 0}
--- !u!4 &4697375383889868
Transform:
  m_ObjectHideFlags: 1
  m_PrefabParentObject: {fileID: 0}
  m_PrefabInternal: {fileID: 100100000}
  m_GameObject: {fileID: 1368125497763248}
  m_LocalRotation: {x: -0.6740181, y: 0.70402867, z: 0.047626086, w: 0.2185749}
  m_LocalPosition: {x: -10.862984, y: -0.4915142, z: 1.226076}
  m_LocalScale: {x: 1, y: 1, z: 1}
  m_Children:
  - {fileID: 4385762053496594}
  m_Father: {fileID: 4754560289786996}
  m_RootOrder: 0
  m_LocalEulerAnglesHint: {x: 0, y: 0, z: 0}
--- !u!4 &4698531579088566
Transform:
  m_ObjectHideFlags: 1
  m_PrefabParentObject: {fileID: 0}
  m_PrefabInternal: {fileID: 100100000}
  m_GameObject: {fileID: 1301689912197662}
  m_LocalRotation: {x: 0.076333635, y: -0.076333635, z: -0.70297456, w: 0.7029745}
  m_LocalPosition: {x: -48.41486, y: -9.20628e-15, z: 0}
  m_LocalScale: {x: 1, y: 1, z: 1}
  m_Children:
  - {fileID: 4293673930307612}
  m_Father: {fileID: 4399039292069940}
  m_RootOrder: 0
  m_LocalEulerAnglesHint: {x: 0, y: 0, z: 0}
--- !u!4 &4701519704493636
Transform:
  m_ObjectHideFlags: 1
  m_PrefabParentObject: {fileID: 0}
  m_PrefabInternal: {fileID: 100100000}
  m_GameObject: {fileID: 1691236253973570}
  m_LocalRotation: {x: -0.01026349, y: -0.0141154975, z: 0.58799493, w: 0.8086763}
  m_LocalPosition: {x: -5.834722, y: -0.69940525, z: -0.41679198}
  m_LocalScale: {x: 1, y: 1, z: 1}
  m_Children:
  - {fileID: 4582319153445398}
  m_Father: {fileID: 4745153545350574}
  m_RootOrder: 0
  m_LocalEulerAnglesHint: {x: 0, y: 0, z: 0}
--- !u!4 &4731134291209188
Transform:
  m_ObjectHideFlags: 1
  m_PrefabParentObject: {fileID: 0}
  m_PrefabInternal: {fileID: 100100000}
  m_GameObject: {fileID: 1558067663680656}
  m_LocalRotation: {x: 0, y: -0.01745297, z: -0, w: 0.9998477}
  m_LocalPosition: {x: 2.2112334, y: -6.490845, z: 0.18595298}
  m_LocalScale: {x: 1, y: 1, z: 1}
  m_Children: []
  m_Father: {fileID: 4185263942544560}
  m_RootOrder: 0
  m_LocalEulerAnglesHint: {x: 0, y: 0, z: 0}
--- !u!4 &4745153545350574
Transform:
  m_ObjectHideFlags: 1
  m_PrefabParentObject: {fileID: 0}
  m_PrefabInternal: {fileID: 100100000}
  m_GameObject: {fileID: 1352910076183008}
  m_LocalRotation: {x: 0.06859866, y: 0.06936826, z: 0.699793, w: 0.7076525}
  m_LocalPosition: {x: -7.964512, y: -0.000000038277577, z: 0.6208882}
  m_LocalScale: {x: 1, y: 1, z: 1}
  m_Children:
  - {fileID: 4701519704493636}
  m_Father: {fileID: 4093601087222026}
  m_RootOrder: 0
  m_LocalEulerAnglesHint: {x: 0, y: 0, z: 0}
--- !u!4 &4754560289786996
Transform:
  m_ObjectHideFlags: 1
  m_PrefabParentObject: {fileID: 0}
  m_PrefabInternal: {fileID: 100100000}
  m_GameObject: {fileID: 1706286649477266}
  m_LocalRotation: {x: -0.688112, y: 0.70408785, z: 0.06527112, w: -0.162794}
  m_LocalPosition: {x: -0, y: 12.666667, z: 0}
  m_LocalScale: {x: 1, y: 1, z: 1}
  m_Children:
  - {fileID: 4697375383889868}
  m_Father: {fileID: 4413757517913912}
  m_RootOrder: 1
  m_LocalEulerAnglesHint: {x: 0, y: 0, z: 0}
--- !u!4 &4756780277349864
Transform:
  m_ObjectHideFlags: 1
  m_PrefabParentObject: {fileID: 0}
  m_PrefabInternal: {fileID: 100100000}
  m_GameObject: {fileID: 1725768016710612}
  m_LocalRotation: {x: 0, y: -0, z: -0, w: 1}
  m_LocalPosition: {x: -12.176598, y: 1.1535356, z: -3.8428943}
  m_LocalScale: {x: 1, y: 1, z: 1}
  m_Children:
  - {fileID: 4615885497359010}
  m_Father: {fileID: 4193968892171356}
  m_RootOrder: 2
  m_LocalEulerAnglesHint: {x: 0, y: 0, z: 0}
--- !u!4 &4780375327413086
Transform:
  m_ObjectHideFlags: 1
  m_PrefabParentObject: {fileID: 0}
  m_PrefabInternal: {fileID: 100100000}
  m_GameObject: {fileID: 1153261980584208}
  m_LocalRotation: {x: 0.70535433, y: -0.70535415, z: -0.049753297, w: 0.04975331}
  m_LocalPosition: {x: -34.112396, y: -0.000001804509, z: 1.309972}
  m_LocalScale: {x: 1, y: 1, z: 1}
  m_Children: []
  m_Father: {fileID: 4385762053496594}
  m_RootOrder: 0
  m_LocalEulerAnglesHint: {x: 0, y: 0, z: 0}
--- !u!4 &4786505573656972
Transform:
  m_ObjectHideFlags: 1
  m_PrefabParentObject: {fileID: 0}
  m_PrefabInternal: {fileID: 100100000}
  m_GameObject: {fileID: 1621891246023368}
  m_LocalRotation: {x: 0.009194312, y: 0.038043957, z: 0.7871124, w: 0.61556655}
  m_LocalPosition: {x: -6.2182393, y: -5.554276, z: 0.46237764}
  m_LocalScale: {x: 1, y: 1, z: 1}
  m_Children:
  - {fileID: 4354097607971264}
  m_Father: {fileID: 4909487094421372}
  m_RootOrder: 0
  m_LocalEulerAnglesHint: {x: 0, y: 0, z: 0}
--- !u!4 &4826260795105340
Transform:
  m_ObjectHideFlags: 1
  m_PrefabParentObject: {fileID: 0}
  m_PrefabInternal: {fileID: 100100000}
  m_GameObject: {fileID: 1131602734459992}
  m_LocalRotation: {x: -0.13482444, y: -0.004752096, z: 0.034902655, w: 0.9902432}
  m_LocalPosition: {x: 0.49571538, y: -8.163261, z: 7.674224}
  m_LocalScale: {x: 1, y: 1, z: 1}
  m_Children:
  - {fileID: 4138477375553568}
  m_Father: {fileID: 4158628333957362}
  m_RootOrder: 3
  m_LocalEulerAnglesHint: {x: 0, y: 0, z: 0}
--- !u!4 &4834991888254148
Transform:
  m_ObjectHideFlags: 1
  m_PrefabParentObject: {fileID: 0}
  m_PrefabInternal: {fileID: 100100000}
  m_GameObject: {fileID: 1360016406783702}
  m_LocalRotation: {x: 0, y: -0, z: -0, w: 1}
  m_LocalPosition: {x: -0.86259663, y: -95.98211, z: 2.3042476}
  m_LocalScale: {x: 0.01, y: 0.01, z: 0.01}
  m_Children: []
  m_Father: {fileID: 4350966429065040}
  m_RootOrder: 0
  m_LocalEulerAnglesHint: {x: 0, y: 0, z: 0}
--- !u!4 &4835171384327382
Transform:
  m_ObjectHideFlags: 1
  m_PrefabParentObject: {fileID: 0}
  m_PrefabInternal: {fileID: 100100000}
  m_GameObject: {fileID: 1426993099830146}
  m_LocalRotation: {x: -6.8426026e-18, y: -0.070146404, z: 1.1265574e-17, w: 0.9975367}
  m_LocalPosition: {x: -48.41483, y: -2.5053217e-14, z: 1.7763568e-15}
  m_LocalScale: {x: 1, y: 1, z: 1}
  m_Children:
  - {fileID: 4013988440105100}
  m_Father: {fileID: 4310547992790934}
  m_RootOrder: 0
  m_LocalEulerAnglesHint: {x: 0, y: 0, z: 0}
--- !u!4 &4841664431937366
Transform:
  m_ObjectHideFlags: 1
  m_PrefabParentObject: {fileID: 0}
  m_PrefabInternal: {fileID: 100100000}
  m_GameObject: {fileID: 1025346708873282}
  m_LocalRotation: {x: 0.0076258397, y: -0.015698815, z: -0.43686995, w: 0.89935535}
  m_LocalPosition: {x: 5.5225854, y: -0.00000040000003, z: 0.00012305297}
  m_LocalScale: {x: 1, y: 1, z: 1}
  m_Children:
  - {fileID: 4426728635201788}
  m_Father: {fileID: 4327860861514002}
  m_RootOrder: 0
  m_LocalEulerAnglesHint: {x: 0, y: 0, z: 0}
--- !u!4 &4841703856527082
Transform:
  m_ObjectHideFlags: 1
  m_PrefabParentObject: {fileID: 0}
  m_PrefabInternal: {fileID: 100100000}
  m_GameObject: {fileID: 1213565334757704}
  m_LocalRotation: {x: -0.056657966, y: -0.0026989044, z: -0.20854218, w: 0.9763671}
  m_LocalPosition: {x: 5.6790547, y: -1.0263405, z: -0.83394367}
  m_LocalScale: {x: 1, y: 1, z: 1}
  m_Children:
  - {fileID: 4185263942544560}
  m_Father: {fileID: 4353028707679210}
  m_RootOrder: 0
  m_LocalEulerAnglesHint: {x: 0, y: 0, z: 0}
--- !u!4 &4879057461533736
Transform:
  m_ObjectHideFlags: 1
  m_PrefabParentObject: {fileID: 0}
  m_PrefabInternal: {fileID: 100100000}
  m_GameObject: {fileID: 1920174669536288}
  m_LocalRotation: {x: 0, y: -0, z: -0, w: 1}
  m_LocalPosition: {x: -6.701772, y: 0.45706636, z: 0.29913607}
  m_LocalScale: {x: 1, y: 1, z: 1}
  m_Children: []
  m_Father: {fileID: 4645306126553652}
  m_RootOrder: 0
  m_LocalEulerAnglesHint: {x: 0, y: 0, z: 0}
--- !u!4 &4879940963209740
Transform:
  m_ObjectHideFlags: 1
  m_PrefabParentObject: {fileID: 0}
  m_PrefabInternal: {fileID: 100100000}
  m_GameObject: {fileID: 1501640195230016}
  m_LocalRotation: {x: 0, y: 0, z: 0.000006658658, w: 1}
  m_LocalPosition: {x: -4.432442, y: -1.336762, z: 0.000000791}
  m_LocalScale: {x: 1, y: 1, z: 1}
  m_Children: []
  m_Father: {fileID: 4172902501302484}
  m_RootOrder: 0
  m_LocalEulerAnglesHint: {x: 0, y: 0, z: 0}
--- !u!4 &4888666526254738
Transform:
  m_ObjectHideFlags: 1
  m_PrefabParentObject: {fileID: 0}
  m_PrefabInternal: {fileID: 100100000}
  m_GameObject: {fileID: 1186255146878310}
  m_LocalRotation: {x: 0, y: -0, z: -0.000006416546, w: 1}
  m_LocalPosition: {x: -12.03954, y: 14.255214, z: 7.521761e-15}
  m_LocalScale: {x: 1, y: 1, z: 1}
  m_Children:
  - {fileID: 4071461135005756}
  m_Father: {fileID: 4413757517913912}
  m_RootOrder: 0
  m_LocalEulerAnglesHint: {x: 0, y: 0, z: 0}
--- !u!4 &4909487094421372
Transform:
  m_ObjectHideFlags: 1
  m_PrefabParentObject: {fileID: 0}
  m_PrefabInternal: {fileID: 100100000}
  m_GameObject: {fileID: 1882989667001044}
  m_LocalRotation: {x: 0, y: -0, z: -0.16511129, w: 0.98627496}
  m_LocalPosition: {x: -12.031154, y: 4.2367907, z: 4.765375}
  m_LocalScale: {x: 1, y: 1, z: 1}
  m_Children:
  - {fileID: 4786505573656972}
  m_Father: {fileID: 4193968892171356}
  m_RootOrder: 1
  m_LocalEulerAnglesHint: {x: 0, y: 0, z: 0}
--- !u!4 &4912244503873834
Transform:
  m_ObjectHideFlags: 1
  m_PrefabParentObject: {fileID: 0}
  m_PrefabInternal: {fileID: 100100000}
  m_GameObject: {fileID: 1424978937508666}
  m_LocalRotation: {x: -0.010603787, y: 0.70954406, z: 0.70451915, w: 0.009364978}
  m_LocalPosition: {x: 1.5823551, y: -2.9992108, z: 25.43811}
  m_LocalScale: {x: 1.2971659, y: 1.2971659, z: 1.2971659}
  m_Children:
  - {fileID: 4674408372324540}
  m_Father: {fileID: 4385762053496594}
  m_RootOrder: 1
  m_LocalEulerAnglesHint: {x: 0, y: 0, z: 0}
--- !u!4 &4914987715465136
Transform:
  m_ObjectHideFlags: 1
  m_PrefabParentObject: {fileID: 0}
  m_PrefabInternal: {fileID: 100100000}
  m_GameObject: {fileID: 1193460659209584}
  m_LocalRotation: {x: -0, y: -0, z: -0, w: 1}
  m_LocalPosition: {x: 0, y: 2.2020001, z: 0}
  m_LocalScale: {x: 1, y: 1, z: 1}
  m_Children: []
  m_Father: {fileID: 4413214463068002}
  m_RootOrder: 2
  m_LocalEulerAnglesHint: {x: 0, y: 0, z: 0}
--- !u!4 &4939735341252834
Transform:
  m_ObjectHideFlags: 1
  m_PrefabParentObject: {fileID: 0}
  m_PrefabInternal: {fileID: 100100000}
  m_GameObject: {fileID: 1931863691004118}
  m_LocalRotation: {x: 0, y: 0, z: 0.044828013, w: 0.9989947}
  m_LocalPosition: {x: 13.097522, y: 2.5342243, z: 6.649826}
  m_LocalScale: {x: 1, y: 1, z: 1}
  m_Children: []
  m_Father: {fileID: 4158628333957362}
  m_RootOrder: 0
  m_LocalEulerAnglesHint: {x: 0, y: 0, z: 0}
--- !u!4 &4946301647410374
Transform:
  m_ObjectHideFlags: 1
  m_PrefabParentObject: {fileID: 0}
  m_PrefabInternal: {fileID: 100100000}
  m_GameObject: {fileID: 1061038174843714}
  m_LocalRotation: {x: 0.017576417, y: 0.15343012, z: 0.72653604, w: 0.66954887}
  m_LocalPosition: {x: -7.412671, y: -2.9577436, z: -0.00028213832}
  m_LocalScale: {x: 1, y: 1, z: 1}
  m_Children:
  - {fileID: 4133388331338844}
  m_Father: {fileID: 4642987099991972}
  m_RootOrder: 0
  m_LocalEulerAnglesHint: {x: 0, y: 0, z: 0}
--- !u!4 &4952682364687912
Transform:
  m_ObjectHideFlags: 1
  m_PrefabParentObject: {fileID: 0}
  m_PrefabInternal: {fileID: 100100000}
  m_GameObject: {fileID: 1206206590409852}
  m_LocalRotation: {x: 0, y: 0, z: 0.000020231517, w: 1}
  m_LocalPosition: {x: 12.856038, y: 14.255214, z: 0}
  m_LocalScale: {x: 1, y: 1, z: 1}
  m_Children:
  - {fileID: 4315450027436108}
  m_Father: {fileID: 4413757517913912}
  m_RootOrder: 2
  m_LocalEulerAnglesHint: {x: 0, y: 0, z: 0}
--- !u!4 &4990565422645538
Transform:
  m_ObjectHideFlags: 1
  m_PrefabParentObject: {fileID: 0}
  m_PrefabInternal: {fileID: 100100000}
  m_GameObject: {fileID: 1011863107536068}
  m_LocalRotation: {x: -0.5410016, y: 0.84102154, z: 5.1497717e-17, w: -3.3126794e-17}
  m_LocalPosition: {x: 2.9024417, y: 6.3699164, z: 0}
  m_LocalScale: {x: 1, y: 1, z: 1}
  m_Children:
  - {fileID: 4589714800301684}
  m_Father: {fileID: 4463145637210388}
  m_RootOrder: 2
  m_LocalEulerAnglesHint: {x: 0, y: 0, z: 0}
--- !u!23 &23168950730716056
MeshRenderer:
  m_ObjectHideFlags: 1
  m_PrefabParentObject: {fileID: 0}
  m_PrefabInternal: {fileID: 100100000}
  m_GameObject: {fileID: 1910667715029630}
  m_Enabled: 1
  m_CastShadows: 1
  m_ReceiveShadows: 1
  m_MotionVectors: 1
  m_LightProbeUsage: 1
  m_ReflectionProbeUsage: 1
  m_Materials:
  - {fileID: 2100000, guid: ee84835351db38c4a91c1712aa91ad11, type: 2}
  m_StaticBatchInfo:
    firstSubMesh: 0
    subMeshCount: 0
  m_StaticBatchRoot: {fileID: 0}
  m_ProbeAnchor: {fileID: 0}
  m_LightProbeVolumeOverride: {fileID: 0}
  m_ScaleInLightmap: 1
  m_PreserveUVs: 0
  m_IgnoreNormalsForChartDetection: 0
  m_ImportantGI: 0
  m_SelectedEditorRenderState: 3
  m_MinimumChartSize: 4
  m_AutoUVMaxDistance: 0.5
  m_AutoUVMaxAngle: 89
  m_LightmapParameters: {fileID: 0}
  m_SortingLayerID: 0
  m_SortingLayer: 0
  m_SortingOrder: 0
--- !u!23 &23468482186435058
MeshRenderer:
  m_ObjectHideFlags: 1
  m_PrefabParentObject: {fileID: 0}
  m_PrefabInternal: {fileID: 100100000}
  m_GameObject: {fileID: 1533328425934178}
  m_Enabled: 1
  m_CastShadows: 1
  m_ReceiveShadows: 1
  m_MotionVectors: 1
  m_LightProbeUsage: 1
  m_ReflectionProbeUsage: 1
  m_Materials:
  - {fileID: 2100000, guid: 38383a3a592e42c4fa40e5156a294bad, type: 2}
  m_StaticBatchInfo:
    firstSubMesh: 0
    subMeshCount: 0
  m_StaticBatchRoot: {fileID: 0}
  m_ProbeAnchor: {fileID: 0}
  m_LightProbeVolumeOverride: {fileID: 0}
  m_ScaleInLightmap: 1
  m_PreserveUVs: 0
  m_IgnoreNormalsForChartDetection: 0
  m_ImportantGI: 0
  m_SelectedEditorRenderState: 3
  m_MinimumChartSize: 4
  m_AutoUVMaxDistance: 0.5
  m_AutoUVMaxAngle: 89
  m_LightmapParameters: {fileID: 0}
  m_SortingLayerID: 0
  m_SortingLayer: 0
  m_SortingOrder: 0
--- !u!33 &33038868194375230
MeshFilter:
  m_ObjectHideFlags: 1
  m_PrefabParentObject: {fileID: 0}
  m_PrefabInternal: {fileID: 100100000}
  m_GameObject: {fileID: 1910667715029630}
  m_Mesh: {fileID: 4300000, guid: 3cd635f5dcb47de4d8a00becb2a5fdbc, type: 3}
--- !u!33 &33427008822812410
MeshFilter:
  m_ObjectHideFlags: 1
  m_PrefabParentObject: {fileID: 0}
  m_PrefabInternal: {fileID: 100100000}
  m_GameObject: {fileID: 1533328425934178}
  m_Mesh: {fileID: 4300002, guid: 7555637523233a841897549cdbc3e873, type: 3}
--- !u!54 &54353847620992234
Rigidbody:
  m_ObjectHideFlags: 1
  m_PrefabParentObject: {fileID: 0}
  m_PrefabInternal: {fileID: 100100000}
  m_GameObject: {fileID: 1118169594915782}
  serializedVersion: 2
  m_Mass: 1
  m_Drag: 0
  m_AngularDrag: 0.05
  m_UseGravity: 1
  m_IsKinematic: 1
  m_Interpolate: 0
  m_Constraints: 0
  m_CollisionDetection: 0
--- !u!54 &54851557317744076
Rigidbody:
  m_ObjectHideFlags: 1
  m_PrefabParentObject: {fileID: 0}
  m_PrefabInternal: {fileID: 100100000}
  m_GameObject: {fileID: 1533328425934178}
  serializedVersion: 2
  m_Mass: 1
  m_Drag: 0
  m_AngularDrag: 0.05
  m_UseGravity: 1
  m_IsKinematic: 1
  m_Interpolate: 0
  m_Constraints: 0
  m_CollisionDetection: 0
--- !u!65 &65118987226195942
BoxCollider:
  m_ObjectHideFlags: 1
  m_PrefabParentObject: {fileID: 0}
  m_PrefabInternal: {fileID: 100100000}
  m_GameObject: {fileID: 1118169594915782}
  m_Material: {fileID: 0}
  m_IsTrigger: 0
  m_Enabled: 1
  serializedVersion: 2
  m_Size: {x: 0.7, y: 0.7, z: 0.7}
  m_Center: {x: 0, y: 0, z: 0}
--- !u!65 &65730481637126844
BoxCollider:
  m_ObjectHideFlags: 1
  m_PrefabParentObject: {fileID: 0}
  m_PrefabInternal: {fileID: 100100000}
  m_GameObject: {fileID: 1533328425934178}
  m_Material: {fileID: 0}
  m_IsTrigger: 0
  m_Enabled: 0
  serializedVersion: 2
  m_Size: {x: 47.79113, y: 183.84601, z: 8.073864}
  m_Center: {x: 0.0000011226227, y: -57.60305, z: -0.000006294512}
--- !u!82 &82226226569652854
AudioSource:
  m_ObjectHideFlags: 1
  m_PrefabParentObject: {fileID: 0}
  m_PrefabInternal: {fileID: 100100000}
  m_GameObject: {fileID: 1118169594915782}
  m_Enabled: 1
  serializedVersion: 4
  OutputAudioMixerGroup: {fileID: 243540718971168000, guid: fe57f5d48dcc1f04696bf63468a6f10c,
    type: 2}
  m_audioClip: {fileID: 0}
  m_PlayOnAwake: 1
  m_Volume: 1
  m_Pitch: 1
  Loop: 0
  Mute: 0
  Spatialize: 0
  SpatializePostEffects: 0
  Priority: 128
  DopplerLevel: 1
  MinDistance: 1
  MaxDistance: 500
  Pan2D: 0
  rolloffMode: 0
  BypassEffects: 0
  BypassListenerEffects: 0
  BypassReverbZones: 0
  rolloffCustomCurve:
    serializedVersion: 2
    m_Curve:
    - serializedVersion: 2
      time: 0
      value: 1
      inSlope: 0
      outSlope: 0
      tangentMode: 0
    - serializedVersion: 2
      time: 1
      value: 0
      inSlope: 0
      outSlope: 0
      tangentMode: 0
    m_PreInfinity: 2
    m_PostInfinity: 2
    m_RotationOrder: 4
  panLevelCustomCurve:
    serializedVersion: 2
    m_Curve:
    - serializedVersion: 2
      time: 0
      value: 0
      inSlope: 0
      outSlope: 0
      tangentMode: 0
    m_PreInfinity: 2
    m_PostInfinity: 2
    m_RotationOrder: 0
  spreadCustomCurve:
    serializedVersion: 2
    m_Curve:
    - serializedVersion: 2
      time: 0
      value: 0
      inSlope: 0
      outSlope: 0
      tangentMode: 0
    m_PreInfinity: 2
    m_PostInfinity: 2
    m_RotationOrder: 0
  reverbZoneMixCustomCurve:
    serializedVersion: 2
    m_Curve:
    - serializedVersion: 2
      time: 0
      value: 1
      inSlope: 0
      outSlope: 0
      tangentMode: 0
    m_PreInfinity: 2
    m_PostInfinity: 2
    m_RotationOrder: 0
--- !u!95 &95628745492914430
Animator:
  serializedVersion: 3
  m_ObjectHideFlags: 1
  m_PrefabParentObject: {fileID: 0}
  m_PrefabInternal: {fileID: 100100000}
  m_GameObject: {fileID: 1910667715029630}
  m_Enabled: 1
  m_Avatar: {fileID: 9000000, guid: 3cd635f5dcb47de4d8a00becb2a5fdbc, type: 3}
  m_Controller: {fileID: 0}
  m_CullingMode: 0
  m_UpdateMode: 0
  m_ApplyRootMotion: 0
  m_LinearVelocityBlending: 0
  m_WarningMessage: 
  m_HasTransformHierarchy: 1
  m_AllowConstantClipSamplingOptimization: 1
--- !u!95 &95770908150288270
Animator:
  serializedVersion: 3
  m_ObjectHideFlags: 1
  m_PrefabParentObject: {fileID: 0}
  m_PrefabInternal: {fileID: 100100000}
  m_GameObject: {fileID: 1881456257519434}
  m_Enabled: 1
  m_Avatar: {fileID: 9000000, guid: 7555637523233a841897549cdbc3e873, type: 3}
  m_Controller: {fileID: 9100000, guid: 2ad3b0521e5153245abe34a7060a1b88, type: 2}
  m_CullingMode: 1
  m_UpdateMode: 0
  m_ApplyRootMotion: 0
  m_LinearVelocityBlending: 0
  m_WarningMessage: 
  m_HasTransformHierarchy: 1
  m_AllowConstantClipSamplingOptimization: 1
--- !u!95 &95944698770922698
Animator:
  serializedVersion: 3
  m_ObjectHideFlags: 1
  m_PrefabParentObject: {fileID: 0}
  m_PrefabInternal: {fileID: 100100000}
  m_GameObject: {fileID: 1008600789774958}
  m_Enabled: 1
  m_Avatar: {fileID: 0}
  m_Controller: {fileID: 9100000, guid: c1ff12df268602249897975656a8ca67, type: 2}
  m_CullingMode: 0
  m_UpdateMode: 0
  m_ApplyRootMotion: 0
  m_LinearVelocityBlending: 0
  m_WarningMessage: 
  m_HasTransformHierarchy: 1
  m_AllowConstantClipSamplingOptimization: 1
--- !u!114 &114160892130832372
MonoBehaviour:
  m_ObjectHideFlags: 1
  m_PrefabParentObject: {fileID: 0}
  m_PrefabInternal: {fileID: 100100000}
  m_GameObject: {fileID: 1118169594915782}
  m_Enabled: 1
  m_EditorHideFlags: 0
  m_Script: {fileID: 11500000, guid: 2e2ec55342c18d042b119036bd847e22, type: 3}
  m_Name: 
  m_EditorClassIdentifier: 
  bar: {fileID: 114841405288972312, guid: 02630378ad42fb24d9d0e246086b855f, type: 2}
  worldCanvas: {fileID: 0}
  barPos: {x: 0, y: 3, z: 0}
  scale: 1
--- !u!114 &114242000146367142
MonoBehaviour:
  m_ObjectHideFlags: 1
  m_PrefabParentObject: {fileID: 0}
  m_PrefabInternal: {fileID: 100100000}
  m_GameObject: {fileID: 1360016406783702}
  m_Enabled: 1
  m_EditorHideFlags: 0
  m_Script: {fileID: 11500000, guid: b8c77949af168094ebf010f706af3d99, type: 3}
  m_Name: 
  m_EditorClassIdentifier: 
  dissolveSpeed: 0.5
  keepAfter: 0
  unParents:
  - {fileID: 1533328425934178}
  animators:
  - {fileID: 95944698770922698}
  - {fileID: 95770908150288270}
  isBase: 0
--- !u!114 &114525798042495588
MonoBehaviour:
  m_ObjectHideFlags: 1
  m_PrefabParentObject: {fileID: 0}
  m_PrefabInternal: {fileID: 100100000}
  m_GameObject: {fileID: 1910667715029630}
  m_Enabled: 1
  m_EditorHideFlags: 0
  m_Script: {fileID: 11500000, guid: b8c77949af168094ebf010f706af3d99, type: 3}
  m_Name: 
  m_EditorClassIdentifier: 
  dissolveSpeed: 0.5
  keepAfter: 0
  unParents: []
  animators: []
  isBase: 1
--- !u!114 &114609654220224304
MonoBehaviour:
  m_ObjectHideFlags: 1
  m_PrefabParentObject: {fileID: 0}
  m_PrefabInternal: {fileID: 100100000}
  m_GameObject: {fileID: 1118169594915782}
  m_Enabled: 1
  m_EditorHideFlags: 0
  m_Script: {fileID: 11500000, guid: 3880fe621da58784c9a3d779279ce880, type: 3}
  m_Name: 
  m_EditorClassIdentifier: 
  unitName: Knight Breaker
  level:
    currentExp: 0
    essenceValue: 100
    expValue: 100
    unitLevel: 0
    skillPoints: 0
  baseStats:
    HP: 150
    maxHP: 150
    attackRange: 1
    damageRange:
      min: 40
      max: 55
    accuracy: 70
    dodge: 0
    critChance: 10
    critMod: 1.5
    defence: 15
    actionPoints: 9
    moveSpeed: 8
    visionRange: 10
  stats:
    HP: 100
    maxHP: 100
    attackRange: 1
    damageRange:
      min: 10
      max: 20
    accuracy: 60
    dodge: 0
    critChance: 10
    critMod: 2
    defence: 0
    actionPoints: 9
    moveSpeed: 5
    visionRange: 10
  lvlStats:
    HP: 30
    maxHP: 30
    attackRange: 0
    damageRange:
      min: 3
      max: 9
    accuracy: 4
    dodge: 2
    critChance: 0
    critMod: 0
    defence: 0
    actionPoints: 0
    moveSpeed: 0
    visionRange: 0
  staticStatsMod:
    HP: 100
    maxHP: 100
    attackRange: 1
    damageRange:
      min: 10
      max: 20
    accuracy: 60
    dodge: 0
    critChance: 10
    critMod: 2
    defence: 0
    actionPoints: 9
    moveSpeed: 5
    visionRange: 10
  multStatsMod:
    HP: 100
    maxHP: 100
    attackRange: 1
    damageRange:
      min: 10
      max: 20
    accuracy: 60
    dodge: 0
    critChance: 10
    critMod: 2
    defence: 0
    actionPoints: 9
    moveSpeed: 5
    visionRange: 10
  statuses: []
  minAP: 0
  actionCost: 0
  unitType: 2
  abilityList:
  - {fileID: 11400000, guid: 170aad9d284386c4b8e22a5efd3b1e23, type: 2}
  - {fileID: 11400000, guid: 82fb809dd601f734694aaad7d657167b, type: 2}
  abilities: []
  skillTree: {fileID: 0}
  objectiveID: 
  isDead: 0
  healthBar: {fileID: 0}
  headPos: 2
  headTransform: {fileID: 0}
  escapeCost: 3
  beenRevealed: 0
  cTile: {fileID: 0}
  followingPath: 0
  baseRenderer: {fileID: 0}
  unitIcon: {fileID: 0}
  audioSource: {fileID: 0}
  deathSound: {fileID: 8300000, guid: 4af21cf72cbb60348a3cad1366d6fff0, type: 3}
  damageDealt: 0
  kills: 0
  healthHealed: 0
  damageTaken: 0
  daysInjured: 0
  unitClass: 
  animators: []
  blends:
  - 0
  - 0
  - 0
  - 0.2
  - 0.5
  - 0.8
  - 1
  - 1
  - 1
  unitUI: {fileID: 0}
  unitSaveID: 23
  isHuge: 0
  hugeFactor: 0
  shakeAmount: 1
  shakeDuration: 0.5
  moveSpeedMod: 0.1
  stompDamage: 0
  forwardTarget: {x: 0, y: 0, z: 0}
  currentTarget: {fileID: 0}
  actionValue: 0
  executingAction: 0
  alertRadius: 20
  startActivated: 0
  eventActivateOnly: 0
  patrol:
    squadLeader: {fileID: 0}
    patrolPoints: []
    patrolTiles: []
    randomOrder: 0
  active: 0
--- !u!114 &114663785119835116
MonoBehaviour:
  m_ObjectHideFlags: 1
  m_PrefabParentObject: {fileID: 0}
  m_PrefabInternal: {fileID: 100100000}
  m_GameObject: {fileID: 1118169594915782}
  m_Enabled: 1
  m_EditorHideFlags: 0
  m_Script: {fileID: 11500000, guid: c655ecb1a7b210d449faeca0392854ab, type: 3}
  m_Name: 
  m_EditorClassIdentifier: 
  tooltipInfo: 
--- !u!114 &114854470912305776
MonoBehaviour:
  m_ObjectHideFlags: 1
  m_PrefabParentObject: {fileID: 0}
  m_PrefabInternal: {fileID: 100100000}
  m_GameObject: {fileID: 1118169594915782}
  m_Enabled: 1
  m_EditorHideFlags: 0
  m_Script: {fileID: 11500000, guid: a558d735e16b2a347a1ec2519ae43730, type: 3}
  m_Name: 
  m_EditorClassIdentifier: 
--- !u!136 &136325340461380610
CapsuleCollider:
  m_ObjectHideFlags: 1
  m_PrefabParentObject: {fileID: 0}
  m_PrefabInternal: {fileID: 100100000}
  m_GameObject: {fileID: 1118169594915782}
  m_Material: {fileID: 0}
  m_IsTrigger: 0
  m_Enabled: 1
  m_Radius: 0.5
  m_Height: 2.3
  m_Direction: 1
  m_Center: {x: 0, y: 1.27, z: 0}
--- !u!137 &137535611829622068
SkinnedMeshRenderer:
  m_ObjectHideFlags: 1
  m_PrefabParentObject: {fileID: 0}
  m_PrefabInternal: {fileID: 100100000}
  m_GameObject: {fileID: 1360016406783702}
  m_Enabled: 1
  m_CastShadows: 1
  m_ReceiveShadows: 1
  m_MotionVectors: 1
  m_LightProbeUsage: 1
  m_ReflectionProbeUsage: 1
  m_Materials:
  - {fileID: 2100000, guid: 4f448704203d3e941b1957b5fb69ed61, type: 2}
  m_StaticBatchInfo:
    firstSubMesh: 0
    subMeshCount: 0
  m_StaticBatchRoot: {fileID: 0}
  m_ProbeAnchor: {fileID: 0}
  m_LightProbeVolumeOverride: {fileID: 0}
  m_ScaleInLightmap: 1
  m_PreserveUVs: 0
  m_IgnoreNormalsForChartDetection: 0
  m_ImportantGI: 0
  m_SelectedEditorRenderState: 3
  m_MinimumChartSize: 4
  m_AutoUVMaxDistance: 0.5
  m_AutoUVMaxAngle: 89
  m_LightmapParameters: {fileID: 0}
  m_SortingLayerID: 0
  m_SortingLayer: 0
  m_SortingOrder: 0
  serializedVersion: 2
  m_Quality: 0
  m_UpdateWhenOffscreen: 0
  m_SkinnedMotionVectors: 1
  m_Mesh: {fileID: 4300000, guid: 7555637523233a841897549cdbc3e873, type: 3}
  m_Bones:
  - {fileID: 4463145637210388}
  - {fileID: 4310547992790934}
  - {fileID: 4835171384327382}
  - {fileID: 4013988440105100}
  - {fileID: 4265283275571310}
  - {fileID: 4399039292069940}
  - {fileID: 4698531579088566}
  - {fileID: 4293673930307612}
  - {fileID: 4426294421589182}
  - {fileID: 4990565422645538}
  - {fileID: 4589714800301684}
  - {fileID: 4413757517913912}
  - {fileID: 4888666526254738}
  - {fileID: 4071461135005756}
  - {fileID: 4528590967280090}
  - {fileID: 4193968892171356}
  - {fileID: 4345582480776412}
  - {fileID: 4499284909043814}
  - {fileID: 4645306126553652}
  - {fileID: 4879057461533736}
  - {fileID: 4093601087222026}
  - {fileID: 4745153545350574}
  - {fileID: 4701519704493636}
  - {fileID: 4582319153445398}
  - {fileID: 4909487094421372}
  - {fileID: 4786505573656972}
  - {fileID: 4354097607971264}
  - {fileID: 4155351879187126}
  - {fileID: 4642987099991972}
  - {fileID: 4946301647410374}
  - {fileID: 4133388331338844}
  - {fileID: 4671540152654422}
  - {fileID: 4756780277349864}
  - {fileID: 4615885497359010}
  - {fileID: 4172902501302484}
  - {fileID: 4879940963209740}
  - {fileID: 4952682364687912}
  - {fileID: 4315450027436108}
  - {fileID: 4596276498500790}
  - {fileID: 4158628333957362}
  - {fileID: 4826260795105340}
  - {fileID: 4597276704337780}
  - {fileID: 4678313079857766}
  - {fileID: 4939735341252834}
  - {fileID: 4353028707679210}
  - {fileID: 4185263942544560}
  - {fileID: 4731134291209188}
  - {fileID: 4327860861514002}
  - {fileID: 4841664431937366}
  - {fileID: 4426728635201788}
  - {fileID: 4140247241773566}
  - {fileID: 4754560289786996}
  - {fileID: 4697375383889868}
  - {fileID: 4385762053496594}
  - {fileID: 4780375327413086}
  - {fileID: 4674408372324540}
  - {fileID: 4342698982010176}
  - {fileID: 4003795330671380}
  - {fileID: 4243614174512450}
  m_BlendShapeWeights: []
  m_RootBone: {fileID: 4463145637210388}
  m_AABB:
    m_Center: {x: 7.544258, y: 17.075157, z: 0.23323631}
    m_Extent: {x: 81.925835, y: 133.47705, z: 46.800316}
  m_DirtyAABB: 0
--- !u!143 &143351519627872824
CharacterController:
  m_ObjectHideFlags: 1
  m_PrefabParentObject: {fileID: 0}
  m_PrefabInternal: {fileID: 100100000}
  m_GameObject: {fileID: 1118169594915782}
  m_Material: {fileID: 0}
  m_IsTrigger: 0
  m_Enabled: 0
  serializedVersion: 2
  m_Height: 2
  m_Radius: 0.1
  m_SlopeLimit: 45
  m_StepOffset: 0.3
  m_SkinWidth: 0.08
  m_MinMoveDistance: 0.001
  m_Center: {x: 0, y: 1.15, z: 0}
